ProductID,ProductName,Category,StoreID,Date,UnitsSold,UnitsInStock,UnitCost,UnitPrice,Season,Revenue,Cost,Profit,InventoryValue,InventoryTurnoverRate,StockoutFlag,ExcessInventoryValue
P1000,Board Game,Action Toys,Store_5,2/19/2022,102,176,31.94,43.3,Winter Sale,4416.6,3257.88,1158.72,5621.44,0.576271186,0,0
P1001,Board Game,Puzzles,Store_4,2/17/2024,435,281,22.85,12.47,Winter Sale,5424.45,9939.75,-4515.3,6420.85,1.542553191,0,0
P1002,Board Game,Action Toys,Store_8,5/5/2024,348,62,15.67,45.37,Off Season,15788.76,5453.16,10335.6,971.54,5.523809524,0,0
P1003,Remote Car,Games,Store_9,12/23/2022,270,216,15.56,57.32,Summer Break,15476.4,4201.2,11275.2,3360.96,1.244239631,0,0
P1004,Lego Set,Dolls,Store_1,4/4/2022,106,460,44.77,56.05,Off Season,5941.3,4745.62,1195.68,20594.2,0.229934924,0,20594.2
P1005,Soft Toy,Games,Store_10,6/26/2023,71,104,24.89,24.91,Off Season,1768.61,1767.19,1.42,2588.56,0.676190476,0,0
P1006,Puzzle,Games,Store_6,11/2/2023,188,98,19.89,68.12,Diwali,12806.56,3739.32,9067.24,1949.22,1.898989899,0,0
P1007,Board Game,Dolls,Store_8,3/20/2023,20,510,25.19,14.03,Winter Sale,280.6,503.8,-223.2,12846.9,0.039138943,0,12846.9
P1008,Doll,Games,Store_4,7/22/2023,102,384,35.12,78.57,Christmas,8014.14,3582.24,4431.9,13486.08,0.264935065,0,0
P1009,Board Game,Dolls,Store_9,8/26/2023,121,404,11.56,95.2,Diwali,11519.2,1398.76,10120.44,4670.24,0.298765432,0,4670.24
P1010,Remote Car,Puzzles,Store_7,3/15/2023,466,517,25.22,40.58,Winter Sale,18910.28,11752.52,7157.76,13038.74,0.8996139,0,13038.74
P1011,Board Game,Puzzles,Store_9,6/18/2024,214,475,31.45,56.55,Christmas,12101.7,6730.3,5371.4,14938.75,0.449579832,0,14938.75
P1012,Doll,Games,Store_3,6/16/2022,330,436,47.69,44.1,Winter Sale,14553,15737.7,-1184.7,20792.84,0.755148741,0,20792.84
P1013,Puzzle,Puzzles,Store_1,2/22/2022,458,22,16.36,10.6,Summer Break,4854.8,7492.88,-2638.08,359.92,19.91304348,0,0
P1014,Lego Set,Games,Store_7,2/23/2024,87,564,21.17,44.73,Diwali,3891.51,1841.79,2049.72,11939.88,0.153982301,0,11939.88
P1015,Remote Car,Dolls,Store_10,7/27/2022,372,457,22.07,81.25,Christmas,30225,8210.04,22014.96,10085.99,0.812227074,0,10085.99
P1016,Remote Car,Dolls,Store_9,6/27/2024,99,82,32.25,63.64,Off Season,6300.36,3192.75,3107.61,2644.5,1.192771084,0,0
P1017,Lego Set,Action Toys,Store_8,7/6/2023,359,144,21.05,19.11,Christmas,6860.49,7556.95,-696.46,3031.2,2.475862069,0,0
P1018,Doll,Games,Store_9,8/3/2024,151,84,29.01,86.24,Christmas,13022.24,4380.51,8641.73,2436.84,1.776470588,0,0
P1019,Card Game,Games,Store_9,10/27/2023,130,77,40.18,57.8,Off Season,7514,5223.4,2290.6,3093.86,1.666666667,0,0
P1020,Board Game,Games,Store_1,4/23/2023,149,456,36.74,85.76,Off Season,12778.24,5474.26,7303.98,16753.44,0.326039387,0,16753.44
P1021,Board Game,Puzzles,Store_6,12/5/2022,308,0,25.09,62.22,Christmas,19163.76,7727.72,11436.04,0,308,1,0
P1022,Doll,Puzzles,Store_3,5/13/2024,257,50,43.89,60.37,Christmas,15515.09,11279.73,4235.36,2194.5,5.039215686,0,0
P1023,Lego Set,Puzzles,Store_4,6/9/2022,343,445,30.12,19.47,Winter Sale,6678.21,10331.16,-3652.95,13403.4,0.769058296,0,13403.4
P1024,Card Game,Dolls,Store_10,5/14/2023,491,448,29.3,25.06,Summer Break,12304.46,14386.3,-2081.84,13126.4,1.093541203,0,13126.4
P1025,Action Figure,Dolls,Store_9,9/27/2022,413,487,6.54,97.48,Off Season,40259.24,2701.02,37558.22,3184.98,0.846311475,0,3184.98
P1026,Action Figure,Action Toys,Store_8,5/2/2024,293,33,49.4,30.56,Diwali,8954.08,14474.2,-5520.12,1630.2,8.617647059,0,0
P1027,Puzzle,Puzzles,Store_2,5/14/2024,385,347,10.53,97.97,Diwali,37718.45,4054.05,33664.4,3653.91,1.106321839,0,0
P1028,Doll,Action Toys,Store_3,7/1/2024,191,94,15.4,57.87,Diwali,11053.17,2941.4,8111.77,1447.6,2.010526316,0,0
P1029,Lego Set,Dolls,Store_6,2/10/2023,443,71,7.33,22.22,Off Season,9843.46,3247.19,6596.27,520.43,6.152777778,0,0
P1030,Puzzle,Puzzles,Store_10,3/14/2023,276,550,33.8,18.94,Winter Sale,5227.44,9328.8,-4101.36,18590,0.500907441,0,18590
P1031,Board Game,Games,Store_6,4/11/2022,160,153,15.11,28.8,Christmas,4608,2417.6,2190.4,2311.83,1.038961039,0,0
P1032,Action Figure,Puzzles,Store_2,8/15/2022,459,249,13.1,93.31,Diwali,42829.29,6012.9,36816.39,3261.9,1.836,0,0
P1033,Remote Car,Puzzles,Store_7,2/4/2022,313,437,8.99,47.27,Diwali,14795.51,2813.87,11981.64,3928.63,0.714611872,0,3928.63
P1034,Puzzle,Games,Store_8,2/28/2022,21,117,9.65,45.59,Christmas,957.39,202.65,754.74,1129.05,0.177966102,0,0
P1035,Remote Car,Dolls,Store_3,8/2/2023,252,305,31.31,38.19,Christmas,9623.88,7890.12,1733.76,9549.55,0.823529412,0,0
P1036,Puzzle,Games,Store_9,8/22/2024,235,267,35.97,23.24,Summer Break,5461.4,8452.95,-2991.55,9603.99,0.876865672,0,0
P1037,Board Game,Games,Store_9,4/7/2023,344,53,22.88,53.91,Christmas,18545.04,7870.72,10674.32,1212.64,6.37037037,0,0
P1038,Remote Car,Action Toys,Store_9,12/29/2023,48,235,26.6,21.7,Winter Sale,1041.6,1276.8,-235.2,6251,0.203389831,0,0
P1039,Card Game,Games,Store_10,7/1/2023,474,388,35.87,85.19,Christmas,40380.06,17002.38,23377.68,13917.56,1.218508997,0,0
P1040,Action Figure,Action Toys,Store_5,3/19/2023,58,400,5.78,43.34,Winter Sale,2513.72,335.24,2178.48,2312,0.144638404,0,0
P1041,Board Game,Puzzles,Store_3,2/22/2022,169,302,19.54,43.73,Summer Break,7390.37,3302.26,4088.11,5901.08,0.557755776,0,0
P1042,Action Figure,Games,Store_7,6/19/2022,475,206,48.79,52.66,Off Season,25013.5,23175.25,1838.25,10050.74,2.29468599,0,0
P1043,Remote Car,Puzzles,Store_3,4/19/2023,187,228,31.11,49.97,Summer Break,9344.39,5817.57,3526.82,7093.08,0.816593886,0,0
P1044,Puzzle,Puzzles,Store_6,5/13/2023,463,577,16.44,99.54,Christmas,46087.02,7611.72,38475.3,9485.88,0.801038062,0,9485.88
P1045,Board Game,Games,Store_2,4/28/2024,270,74,28.48,59.08,Christmas,15951.6,7689.6,8262,2107.52,3.6,0,0
P1046,Doll,Action Toys,Store_9,6/27/2023,189,434,20.42,17.94,Off Season,3390.66,3859.38,-468.72,8862.28,0.434482759,0,8862.28
P1047,Remote Car,Puzzles,Store_1,9/5/2022,445,102,28.95,64.62,Summer Break,28755.9,12882.75,15873.15,2952.9,4.32038835,0,0
P1048,Card Game,Games,Store_8,5/7/2022,174,421,10.66,23.64,Diwali,4113.36,1854.84,2258.52,4487.86,0.412322275,0,4487.86
P1049,Remote Car,Dolls,Store_5,3/24/2024,445,305,10.97,12.78,Diwali,5687.1,4881.65,805.45,3345.85,1.454248366,0,0
P1050,Board Game,Puzzles,Store_4,5/24/2022,50,97,11.46,97.37,Diwali,4868.5,573,4295.5,1111.62,0.510204082,0,0
P1051,Doll,Puzzles,Store_5,1/16/2023,363,334,47.29,79.62,Christmas,28902.06,17166.27,11735.79,15794.86,1.08358209,0,0
P1052,Action Figure,Dolls,Store_9,3/4/2024,54,434,37.98,98.21,Diwali,5303.34,2050.92,3252.42,16483.32,0.124137931,0,16483.32
P1053,Lego Set,Dolls,Store_8,2/25/2024,243,446,12.31,53.01,Winter Sale,12881.43,2991.33,9890.1,5490.26,0.543624161,0,5490.26
P1054,Doll,Games,Store_7,6/8/2023,319,307,13.48,57.9,Christmas,18470.1,4300.12,14169.98,4138.36,1.035714286,0,0
P1055,Board Game,Action Toys,Store_7,10/8/2022,130,248,37.89,25.15,Summer Break,3269.5,4925.7,-1656.2,9396.72,0.522088353,0,0
P1056,Remote Car,Action Toys,Store_2,4/21/2023,484,165,12.03,32.22,Christmas,15594.48,5822.52,9771.96,1984.95,2.915662651,0,0
P1057,Board Game,Dolls,Store_2,1/7/2023,306,480,15.56,85.47,Christmas,26153.82,4761.36,21392.46,7468.8,0.636174636,0,7468.8
P1058,Doll,Games,Store_8,3/20/2024,134,334,48.35,42.06,Off Season,5636.04,6478.9,-842.86,16148.9,0.4,0,0
P1059,Soft Toy,Puzzles,Store_3,2/2/2024,20,541,16.49,84.41,Winter Sale,1688.2,329.8,1358.4,8921.09,0.036900369,0,8921.09
P1060,Remote Car,Games,Store_10,4/24/2024,328,105,34.77,73.81,Christmas,24209.68,11404.56,12805.12,3650.85,3.094339623,0,0
P1061,Card Game,Games,Store_10,7/11/2022,166,562,49.04,25.95,Diwali,4307.7,8140.64,-3832.94,27560.48,0.294849023,0,27560.48
P1062,Lego Set,Action Toys,Store_8,4/13/2023,273,80,21.84,55.67,Diwali,15197.91,5962.32,9235.59,1747.2,3.37037037,0,0
P1063,Doll,Dolls,Store_9,1/28/2023,387,132,5.79,70.96,Off Season,27461.52,2240.73,25220.79,764.28,2.909774436,0,0
P1064,Card Game,Action Toys,Store_5,11/2/2022,88,137,15.99,31.15,Winter Sale,2741.2,1407.12,1334.08,2190.63,0.637681159,0,0
P1065,Board Game,Puzzles,Store_6,11/20/2022,315,183,42.39,84.76,Off Season,26699.4,13352.85,13346.55,7757.37,1.711956522,0,0
P1066,Soft Toy,Puzzles,Store_6,2/14/2024,13,400,43.91,59.03,Summer Break,767.39,570.83,196.56,17564,0.032418953,0,0
P1067,Board Game,Dolls,Store_4,2/16/2023,241,329,39.58,24.87,Christmas,5993.67,9538.78,-3545.11,13021.82,0.73030303,0,0
P1068,Action Figure,Puzzles,Store_7,6/8/2023,264,507,10.09,62.47,Summer Break,16492.08,2663.76,13828.32,5115.63,0.519685039,0,5115.63
P1069,Board Game,Puzzles,Store_8,1/16/2023,345,68,40.8,99.97,Summer Break,34489.65,14076,20413.65,2774.4,5,0,0
P1070,Board Game,Action Toys,Store_5,5/28/2022,52,545,46.34,23.55,Christmas,1224.6,2409.68,-1185.08,25255.3,0.095238095,0,25255.3
P1071,Board Game,Puzzles,Store_1,5/24/2022,385,52,32.03,83.51,Christmas,32151.35,12331.55,19819.8,1665.56,7.264150943,0,0
P1072,Puzzle,Action Toys,Store_8,10/6/2023,339,449,47.34,28.66,Winter Sale,9715.74,16048.26,-6332.52,21255.66,0.753333333,0,21255.66
P1073,Board Game,Puzzles,Store_5,11/11/2023,91,204,42.21,80.41,Diwali,7317.31,3841.11,3476.2,8610.84,0.443902439,0,0
P1074,Action Figure,Dolls,Store_7,2/6/2024,366,125,35.01,76.11,Christmas,27856.26,12813.66,15042.6,4376.25,2.904761905,0,0
P1075,Remote Car,Games,Store_5,2/8/2022,443,42,30.97,37.04,Summer Break,16408.72,13719.71,2689.01,1300.74,10.30232558,0,0
P1076,Card Game,Dolls,Store_1,4/20/2023,454,110,20.69,39.32,Off Season,17851.28,9393.26,8458.02,2275.9,4.09009009,0,0
P1077,Soft Toy,Action Toys,Store_10,1/25/2024,427,182,12.17,81.33,Diwali,34727.91,5196.59,29531.32,2214.94,2.333333333,0,0
P1078,Card Game,Puzzles,Store_6,5/21/2023,263,94,32.22,51.53,Diwali,13552.39,8473.86,5078.53,3028.68,2.768421053,0,0
P1079,Lego Set,Action Toys,Store_2,10/1/2023,430,373,19.32,75.77,Summer Break,32581.1,8307.6,24273.5,7206.36,1.14973262,0,0
P1080,Remote Car,Dolls,Store_1,4/6/2024,34,519,43.99,23.32,Christmas,792.88,1495.66,-702.78,22830.81,0.065384615,0,22830.81
P1081,Board Game,Games,Store_1,10/16/2022,205,359,49.7,86.73,Off Season,17779.65,10188.5,7591.15,17842.3,0.569444444,0,0
P1082,Card Game,Games,Store_7,4/28/2024,80,280,38.86,73.98,Winter Sale,5918.4,3108.8,2809.6,10880.8,0.284697509,0,0
P1083,Action Figure,Games,Store_7,6/22/2023,419,194,9.07,91.62,Summer Break,38388.78,3800.33,34588.45,1759.58,2.148717949,0,0
P1084,Remote Car,Games,Store_7,11/14/2023,49,194,17.99,21.91,Winter Sale,1073.59,881.51,192.08,3490.06,0.251282051,0,0
P1085,Puzzle,Dolls,Store_7,2/4/2023,359,92,9.91,63.37,Summer Break,22749.83,3557.69,19192.14,911.72,3.860215054,0,0
P1086,Soft Toy,Games,Store_5,2/15/2024,387,60,34.27,63.92,Diwali,24737.04,13262.49,11474.55,2056.2,6.344262295,0,0
P1087,Doll,Action Toys,Store_9,10/6/2022,1,50,39.43,41.81,Summer Break,41.81,39.43,2.38,1971.5,0.019607843,0,0
P1088,Lego Set,Action Toys,Store_3,9/24/2022,389,402,46.66,51.26,Off Season,19940.14,18150.74,1789.4,18757.32,0.965260546,0,18757.32
P1089,Card Game,Games,Store_9,10/29/2023,53,4,24.72,13.42,Winter Sale,711.26,1310.16,-598.9,98.88,10.6,1,0
P1090,Board Game,Dolls,Store_7,1/26/2024,105,465,45.56,77.13,Christmas,8098.65,4783.8,3314.85,21185.4,0.225321888,0,21185.4
P1091,Board Game,Games,Store_1,11/12/2022,259,533,44.51,59.44,Christmas,15394.96,11528.09,3866.87,23723.83,0.485018727,0,23723.83
P1092,Soft Toy,Action Toys,Store_6,5/31/2024,309,404,19.27,15.2,Off Season,4696.8,5954.43,-1257.63,7785.08,0.762962963,0,7785.08
P1093,Action Figure,Games,Store_2,8/2/2023,476,512,44.1,71.27,Summer Break,33924.52,20991.6,12932.92,22579.2,0.927875244,0,22579.2
P1094,Lego Set,Puzzles,Store_8,4/18/2023,190,232,21.91,52.01,Summer Break,9881.9,4162.9,5719,5083.12,0.815450644,0,0
P1095,Lego Set,Puzzles,Store_6,10/10/2023,401,523,18.36,13.1,Diwali,5253.1,7362.36,-2109.26,9602.28,0.765267176,0,9602.28
P1096,Action Figure,Dolls,Store_3,9/19/2022,217,345,34.21,97.26,Summer Break,21105.42,7423.57,13681.85,11802.45,0.62716763,0,0
P1097,Board Game,Action Toys,Store_9,3/27/2022,43,45,19.78,95.42,Summer Break,4103.06,850.54,3252.52,890.1,0.934782609,0,0
P1098,Board Game,Dolls,Store_6,9/15/2023,161,545,33.36,56.16,Off Season,9041.76,5370.96,3670.8,18181.2,0.294871795,0,18181.2
P1099,Board Game,Games,Store_5,3/22/2023,201,77,32.44,18.43,Off Season,3704.43,6520.44,-2816.01,2497.88,2.576923077,0,0
P1100,Lego Set,Action Toys,Store_1,2/17/2024,445,72,30.35,77.92,Off Season,34674.4,13505.75,21168.65,2185.2,6.095890411,0,0
P1101,Puzzle,Games,Store_7,1/10/2023,483,248,22.12,54.27,Winter Sale,26212.41,10683.96,15528.45,5485.76,1.939759036,0,0
P1102,Lego Set,Action Toys,Store_6,4/14/2024,269,46,29.68,37.22,Winter Sale,10012.18,7983.92,2028.26,1365.28,5.723404255,0,0
P1103,Remote Car,Dolls,Store_5,8/28/2022,350,120,31.84,54.23,Winter Sale,18980.5,11144,7836.5,3820.8,2.892561983,0,0
P1104,Lego Set,Action Toys,Store_6,1/9/2022,303,213,29.56,57.02,Summer Break,17277.06,8956.68,8320.38,6296.28,1.41588785,0,0
P1105,Card Game,Games,Store_9,5/29/2022,270,238,25,60.64,Diwali,16372.8,6750,9622.8,5950,1.129707113,0,0
P1106,Soft Toy,Puzzles,Store_1,5/18/2024,455,55,5.66,49.71,Christmas,22618.05,2575.3,20042.75,311.3,8.125,0,0
P1107,Action Figure,Dolls,Store_2,8/27/2024,461,349,31.42,64.52,Diwali,29743.72,14484.62,15259.1,10965.58,1.317142857,0,0
P1108,Remote Car,Puzzles,Store_2,5/14/2022,214,106,12.58,92.69,Summer Break,19835.66,2692.12,17143.54,1333.48,2,0,0
P1109,Lego Set,Dolls,Store_5,11/24/2022,251,47,33.92,42.6,Diwali,10692.6,8513.92,2178.68,1594.24,5.229166667,0,0
P1110,Action Figure,Games,Store_7,1/21/2022,189,572,39.17,75.31,Winter Sale,14233.59,7403.13,6830.46,22405.24,0.329842932,0,22405.24
P1111,Card Game,Puzzles,Store_3,5/11/2022,295,336,27.52,90.5,Off Season,26697.5,8118.4,18579.1,9246.72,0.87537092,0,0
P1112,Puzzle,Puzzles,Store_10,5/27/2023,212,25,29.41,51.04,Off Season,10820.48,6234.92,4585.56,735.25,8.153846154,0,0
P1113,Puzzle,Dolls,Store_8,4/21/2022,207,256,47.82,49.91,Off Season,10331.37,9898.74,432.63,12241.92,0.805447471,0,0
P1114,Card Game,Action Toys,Store_7,3/30/2022,236,7,43.12,64.19,Christmas,15148.84,10176.32,4972.52,301.84,29.5,1,0
P1115,Lego Set,Puzzles,Store_6,8/30/2023,337,252,46.14,63.23,Winter Sale,21308.51,15549.18,5759.33,11627.28,1.33201581,0,0
P1116,Remote Car,Games,Store_2,3/17/2023,366,302,41.62,82.59,Off Season,30227.94,15232.92,14995.02,12569.24,1.207920792,0,0
P1117,Puzzle,Puzzles,Store_2,5/7/2024,52,55,9.9,52.88,Summer Break,2749.76,514.8,2234.96,544.5,0.928571429,0,0
P1118,Card Game,Games,Store_5,6/12/2023,279,525,11.7,99.65,Christmas,27802.35,3264.3,24538.05,6142.5,0.530418251,0,6142.5
P1119,Action Figure,Action Toys,Store_1,10/28/2023,409,473,28.7,15.35,Diwali,6278.15,11738.3,-5460.15,13575.1,0.862869198,0,13575.1
P1120,Soft Toy,Action Toys,Store_3,10/15/2022,216,27,16.07,10.29,Summer Break,2222.64,3471.12,-1248.48,433.89,7.714285714,0,0
P1121,Soft Toy,Dolls,Store_10,11/6/2022,251,77,26.45,67.62,Summer Break,16972.62,6638.95,10333.67,2036.65,3.217948718,0,0
P1122,Soft Toy,Action Toys,Store_8,9/3/2023,187,215,22.75,36.86,Winter Sale,6892.82,4254.25,2638.57,4891.25,0.865740741,0,0
P1123,Soft Toy,Action Toys,Store_6,7/7/2024,379,385,29.72,31.63,Diwali,11987.77,11263.88,723.89,11442.2,0.981865285,0,0
P1124,Soft Toy,Games,Store_10,2/6/2024,492,364,38.61,38.07,Winter Sale,18730.44,18996.12,-265.68,14054.04,1.347945205,0,0
P1125,Board Game,Dolls,Store_1,4/12/2024,40,525,37.2,33.04,Off Season,1321.6,1488,-166.4,19530,0.076045627,0,19530
P1126,Remote Car,Action Toys,Store_7,10/10/2023,156,311,28.46,12.77,Diwali,1992.12,4439.76,-2447.64,8851.06,0.5,0,0
P1127,Card Game,Action Toys,Store_10,2/6/2022,14,6,42.01,97.44,Winter Sale,1364.16,588.14,776.02,252.06,2,1,0
P1128,Puzzle,Dolls,Store_10,5/4/2024,300,2,24.39,29.87,Off Season,8961,7317,1644,48.78,100,1,0
P1129,Doll,Puzzles,Store_10,3/10/2022,64,362,45.35,76.06,Diwali,4867.84,2902.4,1965.44,16416.7,0.17630854,0,0
P1130,Card Game,Games,Store_5,3/10/2022,344,507,8.21,78.63,Off Season,27048.72,2824.24,24224.48,4162.47,0.677165354,0,4162.47
P1131,Remote Car,Dolls,Store_7,5/21/2024,326,273,47.96,93.63,Off Season,30523.38,15634.96,14888.42,13093.08,1.189781022,0,0
P1132,Board Game,Dolls,Store_8,7/17/2024,8,505,34.46,12.75,Summer Break,102,275.68,-173.68,17402.3,0.015810277,0,17402.3
P1133,Lego Set,Puzzles,Store_9,9/15/2023,343,14,22.1,88.48,Winter Sale,30348.64,7580.3,22768.34,309.4,22.86666667,1,0
P1134,Board Game,Action Toys,Store_10,3/22/2023,128,191,13.87,57.45,Off Season,7353.6,1775.36,5578.24,2649.17,0.666666667,0,0
P1135,Remote Car,Games,Store_3,9/1/2022,491,484,26.56,66.93,Off Season,32862.63,13040.96,19821.67,12855.04,1.012371134,0,12855.04
P1136,Doll,Games,Store_10,12/8/2023,135,27,13.76,68,Christmas,9180,1857.6,7322.4,371.52,4.821428571,0,0
P1137,Board Game,Puzzles,Store_1,4/10/2023,471,38,12.48,83.78,Winter Sale,39460.38,5878.08,33582.3,474.24,12.07692308,0,0
P1138,Doll,Action Toys,Store_6,3/8/2023,62,272,32.78,40.01,Summer Break,2480.62,2032.36,448.26,8916.16,0.227106227,0,0
P1139,Puzzle,Puzzles,Store_6,9/1/2023,138,230,28.54,75.97,Off Season,10483.86,3938.52,6545.34,6564.2,0.597402597,0,0
P1140,Action Figure,Games,Store_1,2/17/2024,498,85,35.15,57.57,Christmas,28669.86,17504.7,11165.16,2987.75,5.790697674,0,0
P1141,Puzzle,Puzzles,Store_10,9/12/2022,80,473,46.83,81.41,Diwali,6512.8,3746.4,2766.4,22150.59,0.168776371,0,22150.59
P1142,Card Game,Games,Store_3,11/10/2023,391,125,28.95,99.15,Summer Break,38767.65,11319.45,27448.2,3618.75,3.103174603,0,0
P1143,Lego Set,Dolls,Store_8,4/14/2023,162,536,31.14,28.06,Summer Break,4545.72,5044.68,-498.96,16691.04,0.301675978,0,16691.04
P1144,Soft Toy,Games,Store_7,9/3/2024,418,144,9.03,99.52,Diwali,41599.36,3774.54,37824.82,1300.32,2.882758621,0,0
P1145,Board Game,Action Toys,Store_10,6/9/2024,288,524,37.29,18.08,Off Season,5207.04,10739.52,-5532.48,19539.96,0.548571429,0,19539.96
P1146,Puzzle,Dolls,Store_9,6/1/2023,378,211,23,10.21,Winter Sale,3859.38,8694,-4834.62,4853,1.783018868,0,0
P1147,Action Figure,Dolls,Store_1,6/11/2023,260,24,48.95,13.97,Summer Break,3632.2,12727,-9094.8,1174.8,10.4,0,0
P1148,Lego Set,Puzzles,Store_6,1/25/2023,489,579,42.04,40.76,Diwali,19931.64,20557.56,-625.92,24341.16,0.843103448,0,24341.16
P1149,Soft Toy,Puzzles,Store_9,5/15/2023,230,393,28.51,66.96,Summer Break,15400.8,6557.3,8843.5,11204.43,0.583756345,0,0
P1150,Remote Car,Dolls,Store_3,1/22/2023,40,66,10.55,16.21,Winter Sale,648.4,422,226.4,696.3,0.597014925,0,0
P1151,Board Game,Games,Store_9,9/7/2024,27,232,43.67,10.51,Diwali,283.77,1179.09,-895.32,10131.44,0.115879828,0,0
P1152,Action Figure,Puzzles,Store_2,10/5/2023,134,108,40.99,94.34,Diwali,12641.56,5492.66,7148.9,4426.92,1.229357798,0,0
P1153,Board Game,Action Toys,Store_7,9/20/2024,200,145,13.31,83.97,Winter Sale,16794,2662,14132,1929.95,1.369863014,0,0
P1154,Soft Toy,Games,Store_1,4/26/2024,327,110,18.29,82.83,Winter Sale,27085.41,5980.83,21104.58,2011.9,2.945945946,0,0
P1155,Doll,Action Toys,Store_10,5/4/2024,267,227,40.7,89.6,Summer Break,23923.2,10866.9,13056.3,9238.9,1.171052632,0,0
P1156,Card Game,Dolls,Store_9,9/18/2023,417,110,13.34,73,Off Season,30441,5562.78,24878.22,1467.4,3.756756757,0,0
P1157,Action Figure,Dolls,Store_8,4/29/2023,32,469,46.3,19.4,Winter Sale,620.8,1481.6,-860.8,21714.7,0.068085106,0,21714.7
P1158,Lego Set,Dolls,Store_4,2/2/2024,47,33,24.1,45.92,Summer Break,2158.24,1132.7,1025.54,795.3,1.382352941,0,0
P1159,Puzzle,Dolls,Store_9,5/30/2023,406,368,8.92,75.08,Summer Break,30482.48,3621.52,26860.96,3282.56,1.100271003,0,0
P1160,Doll,Games,Store_7,2/26/2022,61,594,41.71,35.23,Diwali,2149.03,2544.31,-395.28,24775.74,0.102521008,0,24775.74
P1161,Remote Car,Games,Store_9,8/26/2023,215,553,21.81,71.87,Off Season,15452.05,4689.15,10762.9,12060.93,0.388086643,0,12060.93
P1162,Remote Car,Games,Store_2,7/30/2022,292,424,28.69,12.2,Winter Sale,3562.4,8377.48,-4815.08,12164.56,0.687058824,0,12164.56
P1163,Remote Car,Puzzles,Store_8,9/1/2024,98,517,10.05,37.55,Summer Break,3679.9,984.9,2695,5195.85,0.189189189,0,5195.85
P1164,Card Game,Action Toys,Store_7,1/9/2024,171,281,5.12,59.42,Diwali,10160.82,875.52,9285.3,1438.72,0.606382979,0,0
P1165,Board Game,Games,Store_4,7/23/2022,359,319,33.71,66.89,Christmas,24013.51,12101.89,11911.62,10753.49,1.121875,0,0
P1166,Soft Toy,Games,Store_7,1/22/2023,213,442,28.18,61.93,Christmas,13191.09,6002.34,7188.75,12455.56,0.480812641,0,12455.56
P1167,Lego Set,Games,Store_5,6/3/2022,474,314,31.71,72.8,Off Season,34507.2,15030.54,19476.66,9956.94,1.504761905,0,0
P1168,Board Game,Games,Store_6,3/10/2023,34,376,40.72,10.55,Winter Sale,358.7,1384.48,-1025.78,15310.72,0.090185676,0,0
P1169,Soft Toy,Action Toys,Store_3,10/1/2023,448,288,34.1,19.08,Summer Break,8547.84,15276.8,-6728.96,9820.8,1.55017301,0,0
P1170,Card Game,Dolls,Store_9,5/3/2024,226,436,12.86,88.2,Summer Break,19933.2,2906.36,17026.84,5606.96,0.517162471,0,5606.96
P1171,Lego Set,Action Toys,Store_2,1/25/2023,100,276,21.23,71.36,Diwali,7136,2123,5013,5859.48,0.36101083,0,0
P1172,Soft Toy,Dolls,Store_9,1/14/2023,430,581,45.77,20.16,Diwali,8668.8,19681.1,-11012.3,26592.37,0.738831615,0,26592.37
P1173,Action Figure,Action Toys,Store_4,8/10/2022,461,502,39.65,85.79,Winter Sale,39549.19,18278.65,21270.54,19904.3,0.916500994,0,19904.3
P1174,Remote Car,Puzzles,Store_4,6/20/2024,130,515,30.05,31.8,Summer Break,4134,3906.5,227.5,15475.75,0.251937984,0,15475.75
P1175,Doll,Action Toys,Store_5,9/15/2024,256,349,16.5,53.04,Christmas,13578.24,4224,9354.24,5758.5,0.731428571,0,0
P1176,Soft Toy,Action Toys,Store_3,10/24/2023,4,445,18.59,23.07,Christmas,92.28,74.36,17.92,8272.55,0.00896861,0,8272.55
P1177,Soft Toy,Dolls,Store_5,8/2/2024,217,349,37.94,73.91,Christmas,16038.47,8232.98,7805.49,13241.06,0.62,0,0
P1178,Puzzle,Dolls,Store_10,10/5/2023,254,136,43.3,70.02,Christmas,17785.08,10998.2,6786.88,5888.8,1.854014599,0,0
P1179,Remote Car,Action Toys,Store_6,3/12/2024,397,242,35.21,29,Diwali,11513,13978.37,-2465.37,8520.82,1.633744856,0,0
P1180,Board Game,Puzzles,Store_5,8/5/2022,358,542,41.43,87.71,Christmas,31400.18,14831.94,16568.24,22455.06,0.659300184,0,22455.06
P1181,Soft Toy,Games,Store_7,5/2/2024,282,39,39.5,46.12,Diwali,13005.84,11139,1866.84,1540.5,7.05,0,0
P1182,Soft Toy,Action Toys,Store_1,7/20/2024,392,228,11.74,36.33,Christmas,14241.36,4602.08,9639.28,2676.72,1.711790393,0,0
P1183,Lego Set,Games,Store_1,1/28/2022,206,547,24.08,23.71,Summer Break,4884.26,4960.48,-76.22,13171.76,0.375912409,0,13171.76
P1184,Puzzle,Puzzles,Store_7,6/10/2024,14,222,11.88,33.96,Winter Sale,475.44,166.32,309.12,2637.36,0.062780269,0,0
P1185,Board Game,Dolls,Store_10,9/26/2022,345,5,15.59,11.98,Summer Break,4133.1,5378.55,-1245.45,77.95,57.5,1,0
P1186,Action Figure,Puzzles,Store_9,8/5/2023,41,321,44.12,62.49,Diwali,2562.09,1808.92,753.17,14162.52,0.127329193,0,0
P1187,Doll,Puzzles,Store_8,9/28/2023,379,467,26.28,85.8,Summer Break,32518.2,9960.12,22558.08,12272.76,0.80982906,0,12272.76
P1188,Board Game,Action Toys,Store_5,5/11/2023,460,74,29.09,59.41,Summer Break,27328.6,13381.4,13947.2,2152.66,6.133333333,0,0
P1189,Doll,Puzzles,Store_6,1/6/2023,178,3,13.03,29.73,Off Season,5291.94,2319.34,2972.6,39.09,44.5,1,0
P1190,Doll,Dolls,Store_9,3/14/2024,62,117,19.05,13.03,Off Season,807.86,1181.1,-373.24,2228.85,0.525423729,0,0
P1191,Remote Car,Games,Store_4,2/12/2023,351,503,15.36,29.32,Diwali,10291.32,5391.36,4899.96,7726.08,0.696428571,0,7726.08
P1192,Soft Toy,Action Toys,Store_2,5/2/2022,230,573,14.28,47.45,Summer Break,10913.5,3284.4,7629.1,8182.44,0.400696864,0,8182.44
P1193,Action Figure,Action Toys,Store_2,12/25/2023,240,440,33.71,78.37,Off Season,18808.8,8090.4,10718.4,14832.4,0.544217687,0,14832.4
P1194,Doll,Dolls,Store_2,11/26/2022,51,193,16.56,26.91,Winter Sale,1372.41,844.56,527.85,3196.08,0.262886598,0,0
P1195,Puzzle,Puzzles,Store_8,8/8/2023,95,391,33.44,74.78,Diwali,7104.1,3176.8,3927.3,13075.04,0.242346939,0,0
P1196,Lego Set,Dolls,Store_2,10/28/2022,387,25,7.63,88.02,Winter Sale,34063.74,2952.81,31110.93,190.75,14.88461538,0,0
P1197,Puzzle,Dolls,Store_8,6/20/2022,221,434,11.38,50.86,Diwali,11240.06,2514.98,8725.08,4938.92,0.508045977,0,4938.92
P1198,Lego Set,Action Toys,Store_10,7/18/2024,484,172,17.35,83.93,Winter Sale,40622.12,8397.4,32224.72,2984.2,2.797687861,0,0
P1199,Lego Set,Puzzles,Store_8,5/23/2023,406,299,31.87,59.92,Diwali,24327.52,12939.22,11388.3,9529.13,1.353333333,0,0
P1200,Puzzle,Puzzles,Store_4,4/30/2023,230,325,35.41,67.34,Summer Break,15488.2,8144.3,7343.9,11508.25,0.705521472,0,0
P1201,Puzzle,Games,Store_8,9/12/2024,236,409,24.92,57.37,Summer Break,13539.32,5881.12,7658.2,10192.28,0.575609756,0,10192.28
P1202,Lego Set,Games,Store_2,4/1/2023,142,117,25.06,51.69,Christmas,7339.98,3558.52,3781.46,2932.02,1.203389831,0,0
P1203,Puzzle,Action Toys,Store_10,1/29/2023,170,224,37.6,31.12,Christmas,5290.4,6392,-1101.6,8422.4,0.755555556,0,0
P1204,Lego Set,Puzzles,Store_9,7/31/2022,28,531,5.71,37.29,Winter Sale,1044.12,159.88,884.24,3032.01,0.052631579,0,3032.01
P1205,Board Game,Puzzles,Store_2,8/23/2024,35,112,20.35,36.1,Off Season,1263.5,712.25,551.25,2279.2,0.309734513,0,0
P1206,Doll,Puzzles,Store_2,2/4/2024,12,139,41.84,60.7,Christmas,728.4,502.08,226.32,5815.76,0.085714286,0,0
P1207,Board Game,Dolls,Store_8,5/23/2023,159,558,32.14,20.8,Diwali,3307.2,5110.26,-1803.06,17934.12,0.284436494,0,17934.12
P1208,Card Game,Dolls,Store_8,4/15/2024,326,0,20.18,92.51,Summer Break,30158.26,6578.68,23579.58,0,326,1,0
P1209,Puzzle,Dolls,Store_2,7/1/2024,186,89,45.75,74.86,Off Season,13923.96,8509.5,5414.46,4071.75,2.066666667,0,0
P1210,Lego Set,Dolls,Store_3,2/27/2023,242,319,39.77,46.13,Diwali,11163.46,9624.34,1539.12,12686.63,0.75625,0,0
P1211,Remote Car,Games,Store_4,7/18/2022,85,549,16.92,24.28,Winter Sale,2063.8,1438.2,625.6,9289.08,0.154545455,0,9289.08
P1212,Lego Set,Action Toys,Store_2,4/1/2024,283,138,34.04,89.38,Summer Break,25294.54,9633.32,15661.22,4697.52,2.035971223,0,0
P1213,Action Figure,Puzzles,Store_2,11/11/2022,65,510,31.81,84.14,Winter Sale,5469.1,2067.65,3401.45,16223.1,0.127201566,0,16223.1
P1214,Lego Set,Games,Store_2,5/29/2022,169,258,23.05,74.95,Winter Sale,12666.55,3895.45,8771.1,5946.9,0.652509653,0,0
P1215,Lego Set,Action Toys,Store_8,1/27/2023,44,9,21.51,34.44,Off Season,1515.36,946.44,568.92,193.59,4.4,1,0
P1216,Remote Car,Dolls,Store_9,6/7/2024,61,260,20.46,46.22,Off Season,2819.42,1248.06,1571.36,5319.6,0.233716475,0,0
P1217,Action Figure,Games,Store_2,3/19/2022,440,171,32.77,19.25,Diwali,8470,14418.8,-5948.8,5603.67,2.558139535,0,0
P1218,Puzzle,Puzzles,Store_3,10/3/2022,133,12,24.91,27.01,Christmas,3592.33,3313.03,279.3,298.92,10.23076923,1,0
P1219,Puzzle,Puzzles,Store_7,12/21/2023,283,167,42.43,80.47,Off Season,22773.01,12007.69,10765.32,7085.81,1.68452381,0,0
P1220,Card Game,Action Toys,Store_8,10/22/2022,27,595,35.13,74.35,Summer Break,2007.45,948.51,1058.94,20902.35,0.045302013,0,20902.35
P1221,Doll,Action Toys,Store_3,3/27/2024,107,320,8.15,63.41,Summer Break,6784.87,872.05,5912.82,2608,0.333333333,0,0
P1222,Lego Set,Games,Store_4,11/4/2023,43,318,33.81,90.62,Off Season,3896.66,1453.83,2442.83,10751.58,0.134796238,0,0
P1223,Doll,Dolls,Store_4,1/30/2023,339,328,17.2,62.49,Winter Sale,21184.11,5830.8,15353.31,5641.6,1.030395137,0,0
P1224,Action Figure,Dolls,Store_1,2/18/2023,285,549,31.68,52.03,Christmas,14828.55,9028.8,5799.75,17392.32,0.518181818,0,17392.32
P1225,Soft Toy,Action Toys,Store_4,12/6/2023,445,418,35.61,40.63,Winter Sale,18080.35,15846.45,2233.9,14884.98,1.062052506,0,14884.98
P1226,Board Game,Dolls,Store_8,10/10/2022,330,94,15.39,94.64,Summer Break,31231.2,5078.7,26152.5,1446.66,3.473684211,0,0
P1227,Action Figure,Action Toys,Store_2,5/5/2023,127,580,25.56,17.44,Diwali,2214.88,3246.12,-1031.24,14824.8,0.21858864,0,14824.8
P1228,Action Figure,Action Toys,Store_10,9/6/2023,347,317,13.56,93.78,Summer Break,32541.66,4705.32,27836.34,4298.52,1.091194969,0,0
P1229,Lego Set,Dolls,Store_5,8/4/2024,472,235,7.36,84.4,Christmas,39836.8,3473.92,36362.88,1729.6,2,0,0
P1230,Doll,Games,Store_5,3/8/2024,230,333,22.03,21.69,Off Season,4988.7,5066.9,-78.2,7335.99,0.688622754,0,0
P1231,Board Game,Games,Store_5,3/30/2022,189,375,21.33,60.85,Off Season,11500.65,4031.37,7469.28,7998.75,0.502659574,0,0
P1232,Doll,Action Toys,Store_4,12/27/2022,224,458,49.8,87.99,Summer Break,19709.76,11155.2,8554.56,22808.4,0.488017429,0,22808.4
P1233,Doll,Action Toys,Store_9,9/19/2024,384,136,25.09,61.46,Winter Sale,23600.64,9634.56,13966.08,3412.24,2.802919708,0,0
P1234,Doll,Puzzles,Store_3,11/24/2022,376,587,20.01,91.65,Winter Sale,34460.4,7523.76,26936.64,11745.87,0.639455782,0,11745.87
P1235,Lego Set,Puzzles,Store_6,1/20/2024,282,546,31.12,94.87,Christmas,26753.34,8775.84,17977.5,16991.52,0.515539305,0,16991.52
P1236,Doll,Dolls,Store_8,2/9/2024,445,512,8.99,48.01,Off Season,21364.45,4000.55,17363.9,4602.88,0.867446394,0,4602.88
P1237,Puzzle,Games,Store_6,1/10/2022,120,295,48.27,43.96,Off Season,5275.2,5792.4,-517.2,14239.65,0.405405405,0,0
P1238,Soft Toy,Action Toys,Store_10,5/18/2023,115,319,33.57,94.27,Summer Break,10841.05,3860.55,6980.5,10708.83,0.359375,0,0
P1239,Card Game,Puzzles,Store_4,7/22/2022,460,571,38.97,70.76,Summer Break,32549.6,17926.2,14623.4,22251.87,0.804195804,0,22251.87
P1240,Puzzle,Games,Store_8,5/16/2024,232,348,12.67,20.44,Diwali,4742.08,2939.44,1802.64,4409.16,0.664756447,0,0
P1241,Doll,Action Toys,Store_1,1/30/2022,258,228,23.43,13.81,Winter Sale,3562.98,6044.94,-2481.96,5342.04,1.126637555,0,0
P1242,Board Game,Games,Store_3,5/9/2022,358,269,24.02,60.82,Winter Sale,21773.56,8599.16,13174.4,6461.38,1.325925926,0,0
P1243,Board Game,Action Toys,Store_6,7/26/2024,197,290,41.98,93.72,Diwali,18462.84,8270.06,10192.78,12174.2,0.676975945,0,0
P1244,Board Game,Dolls,Store_3,7/16/2024,455,164,5.06,85.98,Winter Sale,39120.9,2302.3,36818.6,829.84,2.757575758,0,0
P1245,Remote Car,Puzzles,Store_9,5/25/2022,410,4,18.54,70.83,Summer Break,29040.3,7601.4,21438.9,74.16,82,1,0
P1246,Soft Toy,Puzzles,Store_4,9/19/2024,136,378,49.16,22.52,Christmas,3062.72,6685.76,-3623.04,18582.48,0.35883905,0,0
P1247,Board Game,Action Toys,Store_3,6/23/2024,317,77,26.37,32.88,Off Season,10422.96,8359.29,2063.67,2030.49,4.064102564,0,0
P1248,Board Game,Dolls,Store_6,12/6/2023,164,409,22.21,88.8,Summer Break,14563.2,3642.44,10920.76,9083.89,0.4,0,9083.89
P1249,Lego Set,Dolls,Store_5,2/8/2022,224,573,10.39,26.45,Summer Break,5924.8,2327.36,3597.44,5953.47,0.390243902,0,5953.47
P1250,Board Game,Games,Store_8,8/30/2024,306,131,48.84,35.06,Off Season,10728.36,14945.04,-4216.68,6398.04,2.318181818,0,0
P1251,Doll,Puzzles,Store_4,6/4/2022,233,41,5.9,21.66,Winter Sale,5046.78,1374.7,3672.08,241.9,5.547619048,0,0
P1252,Action Figure,Games,Store_2,1/24/2023,171,88,38.17,70.85,Christmas,12115.35,6527.07,5588.28,3358.96,1.921348315,0,0
P1253,Remote Car,Dolls,Store_3,11/25/2022,151,401,39.59,94.96,Diwali,14338.96,5978.09,8360.87,15875.59,0.375621891,0,15875.59
P1254,Card Game,Dolls,Store_4,7/2/2024,462,295,15.96,34.21,Christmas,15805.02,7373.52,8431.5,4708.2,1.560810811,0,0
P1255,Card Game,Dolls,Store_1,4/22/2022,314,294,35.22,52.79,Off Season,16576.06,11059.08,5516.98,10354.68,1.06440678,0,0
P1256,Lego Set,Dolls,Store_7,6/15/2023,373,525,9.18,67.09,Off Season,25024.57,3424.14,21600.43,4819.5,0.709125475,0,4819.5
P1257,Action Figure,Dolls,Store_8,8/26/2023,159,421,16.57,99.95,Off Season,15892.05,2634.63,13257.42,6975.97,0.376777251,0,6975.97
P1258,Action Figure,Puzzles,Store_10,5/9/2024,95,22,40.46,19.43,Christmas,1845.85,3843.7,-1997.85,890.12,4.130434783,0,0
P1259,Lego Set,Games,Store_6,7/19/2024,471,574,43.91,54.87,Summer Break,25843.77,20681.61,5162.16,25204.34,0.819130435,0,25204.34
P1260,Soft Toy,Action Toys,Store_10,3/12/2024,232,142,32.38,44.66,Diwali,10361.12,7512.16,2848.96,4597.96,1.622377622,0,0
P1261,Action Figure,Dolls,Store_1,3/9/2022,179,144,27.81,87.92,Winter Sale,15737.68,4977.99,10759.69,4004.64,1.234482759,0,0
P1262,Lego Set,Action Toys,Store_8,11/29/2023,112,224,12.17,52.84,Summer Break,5918.08,1363.04,4555.04,2726.08,0.497777778,0,0
P1263,Puzzle,Action Toys,Store_2,4/25/2023,317,502,7.84,19.99,Off Season,6336.83,2485.28,3851.55,3935.68,0.630218688,0,3935.68
P1264,Board Game,Dolls,Store_5,1/8/2022,496,103,10.29,67.1,Christmas,33281.6,5103.84,28177.76,1059.87,4.769230769,0,0
P1265,Lego Set,Puzzles,Store_7,4/27/2024,441,38,15.23,79.37,Summer Break,35002.17,6716.43,28285.74,578.74,11.30769231,0,0
P1266,Action Figure,Puzzles,Store_7,10/27/2023,51,197,20.38,10.26,Christmas,523.26,1039.38,-516.12,4014.86,0.257575758,0,0
P1267,Board Game,Dolls,Store_5,9/26/2023,267,578,22.14,87.31,Winter Sale,23311.77,5911.38,17400.39,12796.92,0.461139896,0,12796.92
P1268,Soft Toy,Games,Store_9,2/7/2024,294,390,20.58,26.74,Christmas,7861.56,6050.52,1811.04,8026.2,0.751918159,0,0
P1269,Remote Car,Action Toys,Store_3,8/22/2022,385,178,15.76,59.69,Summer Break,22980.65,6067.6,16913.05,2805.28,2.150837989,0,0
P1270,Remote Car,Dolls,Store_4,8/11/2024,386,553,27.94,47.42,Christmas,18304.12,10784.84,7519.28,15450.82,0.696750903,0,15450.82
P1271,Lego Set,Puzzles,Store_9,9/25/2022,112,447,42.14,74.77,Off Season,8374.24,4719.68,3654.56,18836.58,0.25,0,18836.58
P1272,Soft Toy,Action Toys,Store_2,5/4/2022,100,499,17.59,43.4,Summer Break,4340,1759,2581,8777.41,0.2,0,8777.41
P1273,Puzzle,Games,Store_10,3/14/2023,112,14,47.41,88.28,Off Season,9887.36,5309.92,4577.44,663.74,7.466666667,1,0
P1274,Puzzle,Games,Store_1,1/27/2023,439,288,44.3,75.74,Diwali,33249.86,19447.7,13802.16,12758.4,1.519031142,0,0
P1275,Doll,Dolls,Store_2,12/15/2022,80,477,12.28,68.29,Summer Break,5463.2,982.4,4480.8,5857.56,0.167364017,0,5857.56
P1276,Board Game,Action Toys,Store_2,5/20/2023,186,230,40.38,81.66,Christmas,15188.76,7510.68,7678.08,9287.4,0.805194805,0,0
P1277,Soft Toy,Action Toys,Store_5,5/7/2022,112,419,30.86,77.86,Winter Sale,8720.32,3456.32,5264,12930.34,0.266666667,0,12930.34
P1278,Puzzle,Games,Store_7,12/30/2022,1,156,30.5,13.23,Off Season,13.23,30.5,-17.27,4758,0.006369427,0,0
P1279,Lego Set,Dolls,Store_5,6/12/2022,129,549,22.6,45.53,Christmas,5873.37,2915.4,2957.97,12407.4,0.234545455,0,12407.4
P1280,Remote Car,Puzzles,Store_8,7/29/2024,219,440,27.55,93.77,Off Season,20535.63,6033.45,14502.18,12122,0.496598639,0,12122
P1281,Card Game,Action Toys,Store_4,12/16/2023,53,96,22.87,21.32,Diwali,1129.96,1212.11,-82.15,2195.52,0.546391753,0,0
P1282,Puzzle,Games,Store_10,7/5/2023,342,410,29.29,76.34,Winter Sale,26108.28,10017.18,16091.1,12008.9,0.832116788,0,12008.9
P1283,Doll,Dolls,Store_2,8/9/2022,484,288,33.26,97.71,Off Season,47291.64,16097.84,31193.8,9578.88,1.674740484,0,0
P1284,Soft Toy,Action Toys,Store_6,2/1/2022,223,253,35.34,14.7,Christmas,3278.1,7880.82,-4602.72,8941.02,0.877952756,0,0
P1285,Doll,Games,Store_6,7/29/2024,224,195,28.96,71.4,Diwali,15993.6,6487.04,9506.56,5647.2,1.142857143,0,0
P1286,Soft Toy,Dolls,Store_5,10/13/2023,384,597,37.46,52.13,Diwali,20017.92,14384.64,5633.28,22363.62,0.642140468,0,22363.62
P1287,Action Figure,Action Toys,Store_7,10/16/2022,402,521,11.36,62.13,Diwali,24976.26,4566.72,20409.54,5918.56,0.770114943,0,5918.56
P1288,Puzzle,Action Toys,Store_4,2/17/2023,125,516,14.54,17.68,Christmas,2210,1817.5,392.5,7502.64,0.241779497,0,7502.64
P1289,Board Game,Action Toys,Store_3,11/8/2022,129,117,41.84,13.87,Summer Break,1789.23,5397.36,-3608.13,4895.28,1.093220339,0,0
P1290,Action Figure,Games,Store_10,6/5/2022,52,158,19.51,70.02,Winter Sale,3641.04,1014.52,2626.52,3082.58,0.327044025,0,0
P1291,Remote Car,Dolls,Store_9,12/23/2023,171,227,6.03,84.1,Winter Sale,14381.1,1031.13,13349.97,1368.81,0.75,0,0
P1292,Card Game,Games,Store_6,7/23/2024,217,215,11.92,80.38,Christmas,17442.46,2586.64,14855.82,2562.8,1.00462963,0,0
P1293,Action Figure,Puzzles,Store_5,5/19/2024,159,14,15.06,58.94,Off Season,9371.46,2394.54,6976.92,210.84,10.6,1,0
P1294,Card Game,Games,Store_3,11/18/2023,197,156,48.08,18.99,Christmas,3741.03,9471.76,-5730.73,7500.48,1.25477707,0,0
P1295,Puzzle,Games,Store_5,8/18/2024,415,260,30.79,71.92,Off Season,29846.8,12777.85,17068.95,8005.4,1.590038314,0,0
P1296,Doll,Action Toys,Store_10,10/22/2022,246,156,46.97,31.77,Off Season,7815.42,11554.62,-3739.2,7327.32,1.566878981,0,0
P1297,Card Game,Games,Store_3,5/25/2022,323,46,30.88,92,Christmas,29716,9974.24,19741.76,1420.48,6.872340426,0,0
P1298,Remote Car,Action Toys,Store_4,8/27/2023,438,323,26.57,85.44,Christmas,37422.72,11637.66,25785.06,8582.11,1.351851852,0,0
P1299,Remote Car,Action Toys,Store_4,4/9/2023,202,129,19.12,73.84,Winter Sale,14915.68,3862.24,11053.44,2466.48,1.553846154,0,0
P1300,Card Game,Games,Store_5,6/13/2024,183,410,32.29,95.4,Diwali,17458.2,5909.07,11549.13,13238.9,0.445255474,0,13238.9
P1301,Soft Toy,Dolls,Store_4,12/2/2023,122,94,11.26,12.83,Diwali,1565.26,1373.72,191.54,1058.44,1.284210526,0,0
P1302,Puzzle,Puzzles,Store_9,4/8/2022,400,291,45.42,76.26,Winter Sale,30504,18168,12336,13217.22,1.369863014,0,0
P1303,Puzzle,Games,Store_5,1/25/2023,254,282,42.32,39.72,Summer Break,10088.88,10749.28,-660.4,11934.24,0.897526502,0,0
P1304,Board Game,Games,Store_6,3/16/2024,293,68,19.29,91.55,Summer Break,26824.15,5651.97,21172.18,1311.72,4.246376812,0,0
P1305,Soft Toy,Dolls,Store_5,8/20/2022,279,10,47.88,34,Christmas,9486,13358.52,-3872.52,478.8,25.36363636,1,0
P1306,Lego Set,Action Toys,Store_7,3/18/2024,324,253,42.13,75.24,Diwali,24377.76,13650.12,10727.64,10658.89,1.275590551,0,0
P1307,Remote Car,Dolls,Store_6,9/6/2023,371,549,34.98,88.99,Christmas,33015.29,12977.58,20037.71,19204.02,0.674545455,0,19204.02
P1308,Soft Toy,Action Toys,Store_7,4/28/2023,97,133,10.48,13.75,Diwali,1333.75,1016.56,317.19,1393.84,0.723880597,0,0
P1309,Lego Set,Games,Store_1,7/29/2024,197,22,26.52,45.79,Diwali,9020.63,5224.44,3796.19,583.44,8.565217391,0,0
P1310,Lego Set,Dolls,Store_2,12/16/2022,469,345,27.77,78.61,Christmas,36868.09,13024.13,23843.96,9580.65,1.355491329,0,0
P1311,Soft Toy,Dolls,Store_1,1/30/2024,394,301,15.46,50.94,Off Season,20070.36,6091.24,13979.12,4653.46,1.304635762,0,0
P1312,Soft Toy,Action Toys,Store_4,12/1/2022,239,362,8.6,34.05,Off Season,8137.95,2055.4,6082.55,3113.2,0.658402204,0,0
P1313,Action Figure,Action Toys,Store_5,10/24/2022,143,395,39.95,29.78,Summer Break,4258.54,5712.85,-1454.31,15780.25,0.361111111,0,0
P1314,Remote Car,Action Toys,Store_1,4/4/2022,96,217,10.49,21.84,Diwali,2096.64,1007.04,1089.6,2276.33,0.440366972,0,0
P1315,Remote Car,Games,Store_1,4/15/2024,200,140,31.74,87.14,Summer Break,17428,6348,11080,4443.6,1.418439716,0,0
P1316,Lego Set,Puzzles,Store_9,5/15/2023,123,209,47.14,61.78,Off Season,7598.94,5798.22,1800.72,9852.26,0.585714286,0,0
P1317,Puzzle,Dolls,Store_10,7/31/2024,186,459,44.42,16.87,Off Season,3137.82,8262.12,-5124.3,20388.78,0.404347826,0,20388.78
P1318,Lego Set,Puzzles,Store_7,4/12/2022,325,355,17.5,44.43,Summer Break,14439.75,5687.5,8752.25,6212.5,0.912921348,0,0
P1319,Card Game,Puzzles,Store_6,11/1/2023,463,323,43.32,43.1,Winter Sale,19955.3,20057.16,-101.86,13992.36,1.429012346,0,0
P1320,Doll,Puzzles,Store_1,8/8/2022,348,132,5.01,26.36,Off Season,9173.28,1743.48,7429.8,661.32,2.616541353,0,0
P1321,Card Game,Puzzles,Store_1,6/7/2024,258,126,5.8,49.2,Diwali,12693.6,1496.4,11197.2,730.8,2.031496063,0,0
P1322,Board Game,Action Toys,Store_4,7/28/2024,147,105,32.11,39.89,Winter Sale,5863.83,4720.17,1143.66,3371.55,1.386792453,0,0
P1323,Action Figure,Puzzles,Store_2,9/2/2022,251,377,21.42,40.76,Diwali,10230.76,5376.42,4854.34,8075.34,0.664021164,0,0
P1324,Card Game,Games,Store_5,5/18/2023,442,50,22.39,76.51,Diwali,33817.42,9896.38,23921.04,1119.5,8.666666667,0,0
P1325,Action Figure,Puzzles,Store_6,6/26/2023,419,28,30.4,30.09,Winter Sale,12607.71,12737.6,-129.89,851.2,14.44827586,0,0
P1326,Puzzle,Puzzles,Store_4,1/6/2022,402,461,13.63,67.77,Summer Break,27243.54,5479.26,21764.28,6283.43,0.87012987,0,6283.43
P1327,Soft Toy,Puzzles,Store_9,6/8/2022,345,295,14.53,61.36,Summer Break,21169.2,5012.85,16156.35,4286.35,1.165540541,0,0
P1328,Doll,Games,Store_9,12/8/2022,450,296,26.81,61.13,Summer Break,27508.5,12064.5,15444,7935.76,1.515151515,0,0
P1329,Puzzle,Puzzles,Store_5,9/15/2022,146,406,38.94,69.67,Summer Break,10171.82,5685.24,4486.58,15809.64,0.358722359,0,15809.64
P1330,Puzzle,Dolls,Store_4,1/17/2024,147,404,32.88,59.35,Summer Break,8724.45,4833.36,3891.09,13283.52,0.362962963,0,13283.52
P1331,Action Figure,Puzzles,Store_8,4/3/2023,351,345,18.38,89.13,Summer Break,31284.63,6451.38,24833.25,6341.1,1.014450867,0,0
P1332,Action Figure,Games,Store_9,4/16/2024,198,419,24.37,70.8,Diwali,14018.4,4825.26,9193.14,10211.03,0.471428571,0,10211.03
P1333,Card Game,Dolls,Store_1,5/2/2024,307,181,12.68,59.23,Winter Sale,18183.61,3892.76,14290.85,2295.08,1.686813187,0,0
P1334,Soft Toy,Action Toys,Store_2,1/26/2023,488,0,8.36,84.68,Summer Break,41323.84,4079.68,37244.16,0,488,1,0
P1335,Doll,Games,Store_2,9/5/2023,416,566,40.22,64.55,Off Season,26852.8,16731.52,10121.28,22764.52,0.733686067,0,22764.52
P1336,Card Game,Dolls,Store_3,2/28/2022,423,370,16.94,36.2,Summer Break,15312.6,7165.62,8146.98,6267.8,1.140161725,0,0
P1337,Action Figure,Dolls,Store_5,8/20/2022,127,430,13,28.64,Winter Sale,3637.28,1651,1986.28,5590,0.294663573,0,5590
P1338,Lego Set,Puzzles,Store_6,12/28/2023,38,308,36.12,23.71,Summer Break,900.98,1372.56,-471.58,11124.96,0.122977346,0,0
P1339,Soft Toy,Dolls,Store_7,7/10/2023,337,136,32.81,90.95,Summer Break,30650.15,11056.97,19593.18,4462.16,2.459854015,0,0
P1340,Remote Car,Dolls,Store_4,2/21/2022,359,201,33.49,73.91,Christmas,26533.69,12022.91,14510.78,6731.49,1.777227723,0,0
P1341,Puzzle,Dolls,Store_9,8/9/2022,128,435,15.3,94.36,Winter Sale,12078.08,1958.4,10119.68,6655.5,0.293577982,0,6655.5
P1342,Action Figure,Action Toys,Store_2,1/11/2022,266,312,15.47,64.3,Off Season,17103.8,4115.02,12988.78,4826.64,0.849840256,0,0
P1343,Puzzle,Puzzles,Store_8,11/28/2022,475,116,14.94,52.61,Winter Sale,24989.75,7096.5,17893.25,1733.04,4.05982906,0,0
P1344,Doll,Games,Store_6,2/22/2022,440,574,12.82,15.37,Winter Sale,6762.8,5640.8,1122,7358.68,0.765217391,0,7358.68
P1345,Lego Set,Puzzles,Store_7,7/26/2023,472,243,34.51,70.45,Winter Sale,33252.4,16288.72,16963.68,8385.93,1.93442623,0,0
P1346,Lego Set,Games,Store_5,9/2/2022,433,536,43.16,62.4,Off Season,27019.2,18688.28,8330.92,23133.76,0.806331471,0,23133.76
P1347,Doll,Dolls,Store_9,8/4/2024,150,74,37.59,99.12,Winter Sale,14868,5638.5,9229.5,2781.66,2,0,0
P1348,Soft Toy,Games,Store_1,10/27/2022,414,385,40.64,31.52,Off Season,13049.28,16824.96,-3775.68,15646.4,1.07253886,0,0
P1349,Puzzle,Games,Store_9,11/24/2022,477,209,23.22,57.77,Winter Sale,27556.29,11075.94,16480.35,4852.98,2.271428571,0,0
P1350,Lego Set,Action Toys,Store_10,3/8/2022,297,474,34.43,68.59,Winter Sale,20371.23,10225.71,10145.52,16319.82,0.625263158,0,16319.82
P1351,Puzzle,Games,Store_8,1/13/2023,98,417,20.94,68.01,Diwali,6664.98,2052.12,4612.86,8731.98,0.234449761,0,8731.98
P1352,Soft Toy,Games,Store_8,7/13/2022,262,346,28.65,60.52,Christmas,15856.24,7506.3,8349.94,9912.9,0.755043228,0,0
P1353,Puzzle,Puzzles,Store_10,9/13/2024,251,528,26.67,79.92,Summer Break,20059.92,6694.17,13365.75,14081.76,0.474480151,0,14081.76
P1354,Puzzle,Puzzles,Store_4,2/27/2022,143,178,12.96,28.45,Christmas,4068.35,1853.28,2215.07,2306.88,0.798882682,0,0
P1355,Remote Car,Action Toys,Store_10,7/11/2022,345,181,22.42,75.31,Winter Sale,25981.95,7734.9,18247.05,4058.02,1.895604396,0,0
P1356,Remote Car,Action Toys,Store_10,6/9/2022,111,24,48.37,65.78,Off Season,7301.58,5369.07,1932.51,1160.88,4.44,0,0
P1357,Remote Car,Action Toys,Store_2,8/20/2024,499,179,16.19,90.65,Winter Sale,45234.35,8078.81,37155.54,2898.01,2.772222222,0,0
P1358,Lego Set,Action Toys,Store_5,7/6/2023,59,500,11.02,86.25,Off Season,5088.75,650.18,4438.57,5510,0.117764471,0,5510
P1359,Soft Toy,Puzzles,Store_4,8/3/2022,368,160,23.84,38.36,Off Season,14116.48,8773.12,5343.36,3814.4,2.285714286,0,0
P1360,Puzzle,Puzzles,Store_2,2/15/2022,1,176,40.57,34.86,Summer Break,34.86,40.57,-5.71,7140.32,0.005649718,0,0
P1361,Doll,Action Toys,Store_1,7/9/2024,384,284,31.2,98.35,Off Season,37766.4,11980.8,25785.6,8860.8,1.347368421,0,0
P1362,Action Figure,Games,Store_4,4/8/2024,303,62,35.64,57.45,Off Season,17407.35,10798.92,6608.43,2209.68,4.80952381,0,0
P1363,Doll,Games,Store_1,6/1/2023,253,155,13.54,91.58,Winter Sale,23169.74,3425.62,19744.12,2098.7,1.621794872,0,0
P1364,Lego Set,Games,Store_6,9/17/2022,139,468,32.85,24.75,Winter Sale,3440.25,4566.15,-1125.9,15373.8,0.296375267,0,15373.8
P1365,Card Game,Puzzles,Store_6,11/21/2023,452,48,19.56,67.85,Diwali,30668.2,8841.12,21827.08,938.88,9.224489796,0,0
P1366,Doll,Puzzles,Store_9,9/26/2023,36,83,42.54,82.89,Off Season,2984.04,1531.44,1452.6,3530.82,0.428571429,0,0
P1367,Board Game,Dolls,Store_6,7/1/2022,159,360,33.32,95.27,Winter Sale,15147.93,5297.88,9850.05,11995.2,0.440443213,0,0
P1368,Remote Car,Action Toys,Store_5,2/27/2022,8,147,13.95,40.36,Summer Break,322.88,111.6,211.28,2050.65,0.054054054,0,0
P1369,Doll,Games,Store_2,9/14/2024,232,341,7.91,75.25,Diwali,17458,1835.12,15622.88,2697.31,0.678362573,0,0
P1370,Board Game,Action Toys,Store_8,5/10/2022,98,475,6.92,58.49,Christmas,5732.02,678.16,5053.86,3287,0.205882353,0,3287
P1371,Remote Car,Puzzles,Store_4,4/9/2022,146,62,21.71,15.46,Diwali,2257.16,3169.66,-912.5,1346.02,2.317460317,0,0
P1372,Soft Toy,Puzzles,Store_4,4/9/2023,303,359,16.96,72.1,Christmas,21846.3,5138.88,16707.42,6088.64,0.841666667,0,0
P1373,Remote Car,Puzzles,Store_8,9/28/2023,207,560,34.07,72.11,Summer Break,14926.77,7052.49,7874.28,19079.2,0.368983957,0,19079.2
P1374,Board Game,Games,Store_2,7/9/2023,130,326,27.47,93.75,Off Season,12187.5,3571.1,8616.4,8955.22,0.397553517,0,0
P1375,Lego Set,Action Toys,Store_10,6/13/2024,403,140,16.97,54.76,Diwali,22068.28,6838.91,15229.37,2375.8,2.858156028,0,0
P1376,Card Game,Puzzles,Store_1,2/17/2024,151,214,11.72,30.72,Winter Sale,4638.72,1769.72,2869,2508.08,0.702325581,0,0
P1377,Action Figure,Puzzles,Store_3,7/29/2022,53,434,10.72,14.01,Winter Sale,742.53,568.16,174.37,4652.48,0.12183908,0,4652.48
P1378,Puzzle,Dolls,Store_1,2/6/2023,119,317,43.91,47.41,Off Season,5641.79,5225.29,416.5,13919.47,0.374213836,0,0
P1379,Puzzle,Games,Store_6,8/18/2024,160,31,15.96,37.17,Christmas,5947.2,2553.6,3393.6,494.76,5,0,0
P1380,Doll,Action Toys,Store_1,3/11/2023,407,284,34.33,78.5,Diwali,31949.5,13972.31,17977.19,9749.72,1.428070175,0,0
P1381,Board Game,Dolls,Store_8,9/29/2022,115,304,41.48,41.88,Summer Break,4816.2,4770.2,46,12609.92,0.37704918,0,0
P1382,Action Figure,Dolls,Store_7,9/16/2023,74,428,32.63,95.42,Christmas,7061.08,2414.62,4646.46,13965.64,0.172494172,0,13965.64
P1383,Soft Toy,Action Toys,Store_6,8/3/2023,112,476,43.68,96.61,Off Season,10820.32,4892.16,5928.16,20791.68,0.234800839,0,20791.68
P1384,Soft Toy,Puzzles,Store_7,7/9/2023,455,285,22.66,65.88,Winter Sale,29975.4,10310.3,19665.1,6458.1,1.590909091,0,0
P1385,Puzzle,Dolls,Store_3,5/29/2022,419,143,48.03,93.58,Off Season,39210.02,20124.57,19085.45,6868.29,2.909722222,0,0
P1386,Action Figure,Dolls,Store_4,10/21/2023,421,423,10.99,78.48,Winter Sale,33040.08,4626.79,28413.29,4648.77,0.992924528,0,4648.77
P1387,Soft Toy,Games,Store_6,2/20/2024,103,18,9.6,59.22,Summer Break,6099.66,988.8,5110.86,172.8,5.421052632,1,0
P1388,Puzzle,Dolls,Store_5,12/19/2023,339,17,34.64,26.23,Diwali,8891.97,11742.96,-2850.99,588.88,18.83333333,1,0
P1389,Lego Set,Dolls,Store_2,10/4/2022,253,589,47.43,51.27,Off Season,12971.31,11999.79,971.52,27936.27,0.428813559,0,27936.27
P1390,Soft Toy,Games,Store_7,1/1/2022,226,370,41.4,60.48,Winter Sale,13668.48,9356.4,4312.08,15318,0.60916442,0,0
P1391,Lego Set,Games,Store_9,3/9/2022,111,174,8.44,87.76,Summer Break,9741.36,936.84,8804.52,1468.56,0.634285714,0,0
P1392,Action Figure,Games,Store_6,4/15/2022,472,193,17.57,53.32,Winter Sale,25167.04,8293.04,16874,3391.01,2.432989691,0,0
P1393,Puzzle,Puzzles,Store_9,9/4/2022,98,501,46.86,90.79,Winter Sale,8897.42,4592.28,4305.14,23476.86,0.195219124,0,23476.86
P1394,Doll,Puzzles,Store_7,9/21/2023,152,112,16.39,70.69,Off Season,10744.88,2491.28,8253.6,1835.68,1.345132743,0,0
P1395,Doll,Dolls,Store_2,8/21/2022,348,113,40.15,22.33,Off Season,7770.84,13972.2,-6201.36,4536.95,3.052631579,0,0
P1396,Doll,Puzzles,Store_4,11/25/2022,401,221,42.13,99.55,Off Season,39919.55,16894.13,23025.42,9310.73,1.806306306,0,0
P1397,Remote Car,Action Toys,Store_10,1/12/2024,383,263,27.3,57.45,Diwali,22003.35,10455.9,11547.45,7179.9,1.450757576,0,0
P1398,Doll,Games,Store_8,4/18/2022,365,54,22.39,45.27,Winter Sale,16523.55,8172.35,8351.2,1209.06,6.636363636,0,0
P1399,Board Game,Dolls,Store_9,5/2/2024,337,457,25.26,69.32,Summer Break,23360.84,8512.62,14848.22,11543.82,0.73580786,0,11543.82
P1400,Doll,Action Toys,Store_10,7/15/2024,193,161,15.21,19.8,Diwali,3821.4,2935.53,885.87,2448.81,1.191358025,0,0
P1401,Remote Car,Games,Store_7,2/3/2023,309,379,45.02,67.29,Christmas,20792.61,13911.18,6881.43,17062.58,0.813157895,0,0
P1402,Action Figure,Games,Store_4,8/27/2022,162,86,25.28,54.84,Winter Sale,8884.08,4095.36,4788.72,2174.08,1.862068966,0,0
P1403,Action Figure,Games,Store_7,9/11/2023,207,54,44.71,46.6,Diwali,9646.2,9254.97,391.23,2414.34,3.763636364,0,0
P1404,Card Game,Puzzles,Store_2,11/30/2023,444,475,9.76,95.77,Christmas,42521.88,4333.44,38188.44,4636,0.932773109,0,4636
P1405,Action Figure,Action Toys,Store_5,1/8/2022,168,177,49.47,57.03,Winter Sale,9581.04,8310.96,1270.08,8756.19,0.943820225,0,0
P1406,Doll,Games,Store_6,8/8/2022,483,390,24.95,29.72,Christmas,14354.76,12050.85,2303.91,9730.5,1.235294118,0,0
P1407,Remote Car,Action Toys,Store_5,5/29/2023,160,348,7.15,51.31,Diwali,8209.6,1144,7065.6,2488.2,0.458452722,0,0
P1408,Soft Toy,Puzzles,Store_8,9/14/2024,67,7,6.71,92.74,Off Season,6213.58,449.57,5764.01,46.97,8.375,1,0
P1409,Soft Toy,Action Toys,Store_6,10/26/2023,288,312,38.58,25.85,Off Season,7444.8,11111.04,-3666.24,12036.96,0.920127796,0,0
P1410,Remote Car,Games,Store_4,9/26/2022,397,442,34.66,29.26,Diwali,11616.22,13760.02,-2143.8,15319.72,0.896162528,0,15319.72
P1411,Soft Toy,Puzzles,Store_8,11/12/2023,276,327,41.1,11.17,Diwali,3082.92,11343.6,-8260.68,13439.7,0.841463415,0,0
P1412,Puzzle,Puzzles,Store_7,7/12/2022,303,53,9.74,11.28,Christmas,3417.84,2951.22,466.62,516.22,5.611111111,0,0
P1413,Lego Set,Puzzles,Store_7,6/14/2023,403,238,6.6,84.65,Summer Break,34113.95,2659.8,31454.15,1570.8,1.686192469,0,0
P1414,Lego Set,Puzzles,Store_7,6/2/2024,383,228,27.89,75.89,Christmas,29065.87,10681.87,18384,6358.92,1.672489083,0,0
P1415,Soft Toy,Puzzles,Store_4,2/26/2022,391,578,22.44,41.95,Off Season,16402.45,8774.04,7628.41,12970.32,0.675302245,0,12970.32
P1416,Puzzle,Games,Store_4,5/6/2024,134,50,25.79,72.85,Christmas,9761.9,3455.86,6306.04,1289.5,2.62745098,0,0
P1417,Card Game,Puzzles,Store_9,4/16/2024,194,263,49.62,45.57,Diwali,8840.58,9626.28,-785.7,13050.06,0.734848485,0,0
P1418,Lego Set,Puzzles,Store_1,1/20/2022,400,417,48.68,95.76,Summer Break,38304,19472,18832,20299.56,0.956937799,0,20299.56
P1419,Remote Car,Action Toys,Store_4,7/14/2022,127,95,47.4,97.03,Winter Sale,12322.81,6019.8,6303.01,4503,1.322916667,0,0
P1420,Card Game,Dolls,Store_7,5/5/2024,32,87,40.27,45.35,Diwali,1451.2,1288.64,162.56,3503.49,0.363636364,0,0
P1421,Remote Car,Action Toys,Store_4,4/14/2022,175,77,20.97,86.88,Summer Break,15204,3669.75,11534.25,1614.69,2.243589744,0,0
P1422,Board Game,Games,Store_2,5/12/2024,459,287,23.55,79.58,Summer Break,36527.22,10809.45,25717.77,6758.85,1.59375,0,0
P1423,Puzzle,Games,Store_9,9/21/2024,442,119,29.73,37.9,Diwali,16751.8,13140.66,3611.14,3537.87,3.683333333,0,0
P1424,Remote Car,Dolls,Store_2,7/3/2023,370,490,42.37,30.88,Christmas,11425.6,15676.9,-4251.3,20761.3,0.753564155,0,20761.3
P1425,Puzzle,Dolls,Store_9,7/26/2023,469,451,8.09,51.24,Christmas,24031.56,3794.21,20237.35,3648.59,1.037610619,0,3648.59
P1426,Card Game,Action Toys,Store_2,1/9/2023,374,499,24.09,80.32,Off Season,30039.68,9009.66,21030.02,12020.91,0.748,0,12020.91
P1427,Puzzle,Action Toys,Store_7,5/12/2022,21,164,8.72,96.42,Diwali,2024.82,183.12,1841.7,1430.08,0.127272727,0,0
P1428,Action Figure,Puzzles,Store_5,3/2/2023,237,181,28.16,78.72,Winter Sale,18656.64,6673.92,11982.72,5096.96,1.302197802,0,0
P1429,Soft Toy,Puzzles,Store_6,11/26/2022,157,468,45.45,86.97,Summer Break,13654.29,7135.65,6518.64,21270.6,0.334754797,0,21270.6
P1430,Board Game,Action Toys,Store_5,8/26/2024,37,6,40.21,64.28,Off Season,2378.36,1487.77,890.59,241.26,5.285714286,1,0
P1431,Action Figure,Dolls,Store_4,1/1/2024,229,329,15.25,85.19,Diwali,19508.51,3492.25,16016.26,5017.25,0.693939394,0,0
P1432,Puzzle,Puzzles,Store_9,2/16/2022,364,150,48.92,80.6,Summer Break,29338.4,17806.88,11531.52,7338,2.410596026,0,0
P1433,Card Game,Puzzles,Store_1,5/6/2022,50,84,35.03,43.93,Off Season,2196.5,1751.5,445,2942.52,0.588235294,0,0
P1434,Doll,Puzzles,Store_4,2/22/2024,437,146,5.47,59.68,Diwali,26080.16,2390.39,23689.77,798.62,2.972789116,0,0
P1435,Remote Car,Action Toys,Store_10,9/19/2023,263,380,16.49,82.43,Off Season,21679.09,4336.87,17342.22,6266.2,0.690288714,0,0
P1436,Puzzle,Puzzles,Store_2,8/7/2022,282,547,16.73,14.15,Off Season,3990.3,4717.86,-727.56,9151.31,0.51459854,0,9151.31
P1437,Remote Car,Games,Store_8,8/10/2024,26,284,8.12,82.73,Winter Sale,2150.98,211.12,1939.86,2306.08,0.09122807,0,0
P1438,Card Game,Dolls,Store_7,4/18/2022,225,81,48.19,26.01,Off Season,5852.25,10842.75,-4990.5,3903.39,2.743902439,0,0
P1439,Puzzle,Puzzles,Store_4,10/16/2022,276,513,26.52,56.32,Off Season,15544.32,7319.52,8224.8,13604.76,0.536964981,0,13604.76
P1440,Action Figure,Dolls,Store_4,3/5/2022,285,522,45.31,82.74,Summer Break,23580.9,12913.35,10667.55,23651.82,0.544933078,0,23651.82
P1441,Soft Toy,Games,Store_9,9/30/2022,96,385,19.5,32.84,Winter Sale,3152.64,1872,1280.64,7507.5,0.248704663,0,0
P1442,Lego Set,Dolls,Store_7,11/13/2023,283,470,10.64,32.12,Off Season,9089.96,3011.12,6078.84,5000.8,0.600849257,0,5000.8
P1443,Card Game,Puzzles,Store_8,11/12/2023,366,118,26.35,46.25,Off Season,16927.5,9644.1,7283.4,3109.3,3.075630252,0,0
P1444,Soft Toy,Games,Store_4,5/5/2023,447,395,10.13,90.52,Off Season,40462.44,4528.11,35934.33,4001.35,1.128787879,0,0
P1445,Lego Set,Games,Store_2,10/26/2023,480,531,26.87,10.04,Diwali,4819.2,12897.6,-8078.4,14267.97,0.902255639,0,14267.97
P1446,Puzzle,Puzzles,Store_2,6/2/2024,452,260,46.41,91.12,Off Season,41186.24,20977.32,20208.92,12066.6,1.731800766,0,0
P1447,Action Figure,Puzzles,Store_1,8/21/2022,316,255,28.43,23.84,Diwali,7533.44,8983.88,-1450.44,7249.65,1.234375,0,0
P1448,Board Game,Action Toys,Store_8,6/2/2023,303,225,32.74,99.11,Diwali,30030.33,9920.22,20110.11,7366.5,1.340707965,0,0
P1449,Card Game,Dolls,Store_9,7/18/2022,146,52,12.05,95.94,Diwali,14007.24,1759.3,12247.94,626.6,2.754716981,0,0
P1450,Card Game,Action Toys,Store_6,1/14/2023,3,499,6.97,54.52,Summer Break,163.56,20.91,142.65,3478.03,0.006,0,3478.03
P1451,Lego Set,Dolls,Store_10,7/29/2022,34,505,9.99,56.14,Diwali,1908.76,339.66,1569.1,5044.95,0.067193676,0,5044.95
P1452,Board Game,Puzzles,Store_9,5/23/2022,191,363,31.93,53.34,Diwali,10187.94,6098.63,4089.31,11590.59,0.524725275,0,0
P1453,Card Game,Dolls,Store_9,5/9/2024,48,279,9.28,67.19,Winter Sale,3225.12,445.44,2779.68,2589.12,0.171428571,0,0
P1454,Card Game,Puzzles,Store_8,2/25/2024,16,592,21.92,18.16,Diwali,290.56,350.72,-60.16,12976.64,0.02698145,0,12976.64
P1455,Board Game,Puzzles,Store_8,3/5/2024,171,157,29.75,12.94,Summer Break,2212.74,5087.25,-2874.51,4670.75,1.082278481,0,0
P1456,Card Game,Puzzles,Store_8,5/27/2023,219,58,22.49,15.19,Summer Break,3326.61,4925.31,-1598.7,1304.42,3.711864407,0,0
P1457,Card Game,Games,Store_10,12/16/2022,157,127,12.37,49.99,Off Season,7848.43,1942.09,5906.34,1570.99,1.2265625,0,0
P1458,Card Game,Action Toys,Store_9,6/17/2024,476,114,17.32,34.8,Summer Break,16564.8,8244.32,8320.48,1974.48,4.139130435,0,0
P1459,Action Figure,Dolls,Store_8,3/6/2024,45,208,46.77,65.98,Diwali,2969.1,2104.65,864.45,9728.16,0.215311005,0,0
P1460,Doll,Dolls,Store_4,12/1/2023,372,525,35.42,99.32,Christmas,36947.04,13176.24,23770.8,18595.5,0.707224335,0,18595.5
P1461,Puzzle,Dolls,Store_6,2/5/2022,5,520,27.32,44.77,Christmas,223.85,136.6,87.25,14206.4,0.009596929,0,14206.4
P1462,Soft Toy,Dolls,Store_10,7/8/2022,98,551,5.57,61.65,Diwali,6041.7,545.86,5495.84,3069.07,0.177536232,0,3069.07
P1463,Lego Set,Games,Store_2,3/30/2022,379,236,49.66,47.4,Winter Sale,17964.6,18821.14,-856.54,11719.76,1.599156118,0,0
P1464,Board Game,Games,Store_3,2/4/2024,232,280,35.22,86.25,Summer Break,20010,8171.04,11838.96,9861.6,0.825622776,0,0
P1465,Soft Toy,Games,Store_4,5/5/2022,36,358,19.26,91.2,Summer Break,3283.2,693.36,2589.84,6895.08,0.100278552,0,0
P1466,Puzzle,Puzzles,Store_3,3/28/2022,279,200,44.57,88.96,Summer Break,24819.84,12435.03,12384.81,8914,1.388059701,0,0
P1467,Board Game,Games,Store_4,9/12/2023,348,277,16.63,97.69,Christmas,33996.12,5787.24,28208.88,4606.51,1.251798561,0,0
P1468,Soft Toy,Action Toys,Store_7,4/23/2022,496,234,29.48,12.48,Winter Sale,6190.08,14622.08,-8432,6898.32,2.110638298,0,0
P1469,Lego Set,Games,Store_3,11/11/2023,301,493,33.62,85.58,Summer Break,25759.58,10119.62,15639.96,16574.66,0.609311741,0,16574.66
P1470,Soft Toy,Action Toys,Store_6,11/20/2023,180,3,14.95,77.66,Winter Sale,13978.8,2691,11287.8,44.85,45,1,0
P1471,Action Figure,Action Toys,Store_8,9/10/2023,94,441,49.03,30.58,Summer Break,2874.52,4608.82,-1734.3,21622.23,0.212669683,0,21622.23
P1472,Lego Set,Puzzles,Store_3,6/22/2022,98,28,38.67,96.07,Diwali,9414.86,3789.66,5625.2,1082.76,3.379310345,0,0
P1473,Card Game,Puzzles,Store_9,5/22/2022,187,108,30.1,23.34,Diwali,4364.58,5628.7,-1264.12,3250.8,1.71559633,0,0
P1474,Board Game,Puzzles,Store_3,6/26/2024,480,74,13.13,71.16,Diwali,34156.8,6302.4,27854.4,971.62,6.4,0,0
P1475,Remote Car,Puzzles,Store_7,8/20/2022,115,145,7.42,30.24,Christmas,3477.6,853.3,2624.3,1075.9,0.787671233,0,0
P1476,Card Game,Puzzles,Store_2,1/28/2024,190,127,19.4,48.82,Winter Sale,9275.8,3686,5589.8,2463.8,1.484375,0,0
P1477,Remote Car,Action Toys,Store_10,1/24/2023,252,41,38.89,74.72,Winter Sale,18829.44,9800.28,9029.16,1594.49,6,0,0
P1478,Remote Car,Dolls,Store_5,9/24/2022,468,355,17.12,60.7,Off Season,28407.6,8012.16,20395.44,6077.6,1.314606742,0,0
P1479,Soft Toy,Action Toys,Store_3,3/1/2023,415,40,29.28,48.48,Winter Sale,20119.2,12151.2,7968,1171.2,10.12195122,0,0
P1480,Board Game,Puzzles,Store_9,10/18/2022,470,33,37.76,39.37,Christmas,18503.9,17747.2,756.7,1246.08,13.82352941,0,0
P1481,Lego Set,Action Toys,Store_1,6/5/2022,160,16,9.86,85.57,Winter Sale,13691.2,1577.6,12113.6,157.76,9.411764706,1,0
P1482,Board Game,Games,Store_3,3/28/2023,255,152,35.84,22.94,Christmas,5849.7,9139.2,-3289.5,5447.68,1.666666667,0,0
P1483,Doll,Games,Store_5,6/24/2022,322,377,9.13,48.71,Off Season,15684.62,2939.86,12744.76,3442.01,0.851851852,0,0
P1484,Board Game,Dolls,Store_9,6/18/2023,127,587,48.43,91.34,Summer Break,11600.18,6150.61,5449.57,28428.41,0.215986395,0,28428.41
P1485,Board Game,Dolls,Store_6,6/11/2023,17,598,26.98,86.13,Winter Sale,1464.21,458.66,1005.55,16134.04,0.028380634,0,16134.04
P1486,Puzzle,Puzzles,Store_5,1/1/2024,280,341,11.78,46.08,Christmas,12902.4,3298.4,9604,4016.98,0.81871345,0,0
P1487,Lego Set,Dolls,Store_1,12/12/2023,489,26,20.41,78.68,Diwali,38474.52,9980.49,28494.03,530.66,18.11111111,0,0
P1488,Remote Car,Dolls,Store_8,12/20/2022,222,286,23.6,84.08,Christmas,18665.76,5239.2,13426.56,6749.6,0.773519164,0,0
P1489,Lego Set,Puzzles,Store_8,2/11/2024,53,167,39.12,90,Summer Break,4770,2073.36,2696.64,6533.04,0.31547619,0,0
P1490,Soft Toy,Games,Store_5,4/19/2023,57,267,38.45,59.01,Winter Sale,3363.57,2191.65,1171.92,10266.15,0.212686567,0,0
P1491,Doll,Action Toys,Store_8,12/22/2023,322,454,32.54,28.4,Diwali,9144.8,10477.88,-1333.08,14773.16,0.707692308,0,14773.16
P1492,Remote Car,Dolls,Store_2,10/16/2023,359,400,9.77,32.98,Off Season,11839.82,3507.43,8332.39,3908,0.895261845,0,0
P1493,Action Figure,Games,Store_6,9/23/2023,173,475,11.82,36.61,Diwali,6333.53,2044.86,4288.67,5614.5,0.363445378,0,5614.5
P1494,Doll,Action Toys,Store_6,7/8/2023,279,557,9.22,63.44,Off Season,17699.76,2572.38,15127.38,5135.54,0.5,0,5135.54
P1495,Remote Car,Puzzles,Store_2,11/9/2022,113,575,30.97,12.95,Winter Sale,1463.35,3499.61,-2036.26,17807.75,0.196180556,0,17807.75
P1496,Lego Set,Puzzles,Store_9,1/16/2024,287,129,44.47,67.24,Winter Sale,19297.88,12762.89,6534.99,5736.63,2.207692308,0,0
P1497,Puzzle,Games,Store_2,12/17/2023,430,362,24.52,42.79,Winter Sale,18399.7,10543.6,7856.1,8876.24,1.184573003,0,0
P1498,Action Figure,Games,Store_5,9/24/2022,341,291,12.24,36.57,Winter Sale,12470.37,4173.84,8296.53,3561.84,1.167808219,0,0
P1499,Action Figure,Puzzles,Store_6,5/29/2022,150,370,30.11,89.15,Winter Sale,13372.5,4516.5,8856,11140.7,0.404312668,0,0
P1500,Card Game,Puzzles,Store_9,6/30/2023,449,28,41.53,51.4,Winter Sale,23078.6,18646.97,4431.63,1162.84,15.48275862,0,0
P1501,Lego Set,Puzzles,Store_9,10/27/2022,126,148,38.38,18.55,Winter Sale,2337.3,4835.88,-2498.58,5680.24,0.845637584,0,0
P1502,Lego Set,Action Toys,Store_6,6/9/2022,154,295,44.67,84.41,Summer Break,12999.14,6879.18,6119.96,13177.65,0.52027027,0,0
P1503,Remote Car,Dolls,Store_4,6/27/2022,489,10,17.51,14.29,Summer Break,6987.81,8562.39,-1574.58,175.1,44.45454545,1,0
P1504,Puzzle,Action Toys,Store_5,9/19/2022,385,511,13.73,75.41,Summer Break,29032.85,5286.05,23746.8,7016.03,0.751953125,0,7016.03
P1505,Puzzle,Action Toys,Store_3,8/27/2022,473,112,44.59,79.65,Christmas,37674.45,21091.07,16583.38,4994.08,4.185840708,0,0
P1506,Action Figure,Action Toys,Store_6,12/29/2023,272,186,34.59,41.73,Diwali,11350.56,9408.48,1942.08,6433.74,1.454545455,0,0
P1507,Doll,Puzzles,Store_3,10/24/2022,103,226,18.99,84.23,Summer Break,8675.69,1955.97,6719.72,4291.74,0.453744493,0,0
P1508,Doll,Puzzles,Store_7,7/12/2024,416,309,38.41,56.41,Diwali,23466.56,15978.56,7488,11868.69,1.341935484,0,0
P1509,Remote Car,Action Toys,Store_5,6/12/2024,392,97,41.68,51.7,Summer Break,20266.4,16338.56,3927.84,4042.96,4,0,0
P1510,Soft Toy,Action Toys,Store_7,3/25/2024,298,54,32.67,14.09,Diwali,4198.82,9735.66,-5536.84,1764.18,5.418181818,0,0
P1511,Card Game,Action Toys,Store_8,3/27/2023,245,405,35.95,36.1,Winter Sale,8844.5,8807.75,36.75,14559.75,0.603448276,0,14559.75
P1512,Doll,Action Toys,Store_10,7/4/2023,175,68,21.89,93.79,Off Season,16413.25,3830.75,12582.5,1488.52,2.536231884,0,0
P1513,Card Game,Dolls,Store_8,6/6/2023,38,311,29.24,45.26,Christmas,1719.88,1111.12,608.76,9093.64,0.121794872,0,0
P1514,Doll,Puzzles,Store_10,11/19/2022,476,288,28.59,59.2,Winter Sale,28179.2,13608.84,14570.36,8233.92,1.647058824,0,0
P1515,Board Game,Puzzles,Store_10,8/28/2023,169,547,43.16,57.88,Diwali,9781.72,7294.04,2487.68,23608.52,0.308394161,0,23608.52
P1516,Soft Toy,Games,Store_1,8/10/2024,246,147,42.8,63.14,Diwali,15532.44,10528.8,5003.64,6291.6,1.662162162,0,0
P1517,Lego Set,Puzzles,Store_9,1/25/2024,25,466,42.47,15.52,Diwali,388,1061.75,-673.75,19791.02,0.053533191,0,19791.02
P1518,Card Game,Puzzles,Store_2,4/15/2023,354,243,5.5,42.6,Summer Break,15080.4,1947,13133.4,1336.5,1.450819672,0,0
P1519,Lego Set,Action Toys,Store_1,7/13/2022,305,490,38.73,75.08,Diwali,22899.4,11812.65,11086.75,18977.7,0.621181263,0,18977.7
P1520,Lego Set,Games,Store_9,2/15/2022,408,506,39.14,28.05,Diwali,11444.4,15969.12,-4524.72,19804.84,0.804733728,0,19804.84
P1521,Board Game,Dolls,Store_7,7/16/2023,407,364,35.53,28.32,Off Season,11526.24,14460.71,-2934.47,12932.92,1.115068493,0,0
P1522,Doll,Puzzles,Store_2,7/10/2023,12,481,39.03,10.91,Diwali,130.92,468.36,-337.44,18773.43,0.024896266,0,18773.43
P1523,Puzzle,Dolls,Store_8,6/6/2023,315,200,42.89,49.37,Summer Break,15551.55,13510.35,2041.2,8578,1.567164179,0,0
P1524,Card Game,Action Toys,Store_1,11/24/2023,390,153,26.16,89.45,Off Season,34885.5,10202.4,24683.1,4002.48,2.532467532,0,0
P1525,Action Figure,Puzzles,Store_1,4/15/2024,312,449,27.59,14.67,Off Season,4577.04,8608.08,-4031.04,12387.91,0.693333333,0,12387.91
P1526,Board Game,Dolls,Store_1,12/21/2022,35,500,10.61,27.2,Diwali,952,371.35,580.65,5305,0.069860279,0,5305
P1527,Card Game,Games,Store_2,7/11/2024,172,72,22.34,37.91,Christmas,6520.52,3842.48,2678.04,1608.48,2.356164384,0,0
P1528,Remote Car,Games,Store_1,4/22/2024,19,295,33.95,75.86,Summer Break,1441.34,645.05,796.29,10015.25,0.064189189,0,0
P1529,Action Figure,Action Toys,Store_3,10/22/2023,320,16,40.12,67.66,Winter Sale,21651.2,12838.4,8812.8,641.92,18.82352941,1,0
P1530,Board Game,Games,Store_5,9/24/2022,263,216,14.77,47.43,Winter Sale,12474.09,3884.51,8589.58,3190.32,1.211981567,0,0
P1531,Card Game,Puzzles,Store_6,8/10/2024,493,60,11.2,78.32,Winter Sale,38611.76,5521.6,33090.16,672,8.081967213,0,0
P1532,Puzzle,Puzzles,Store_3,5/11/2024,399,41,34.84,64.87,Winter Sale,25883.13,13901.16,11981.97,1428.44,9.5,0,0
P1533,Puzzle,Puzzles,Store_3,4/15/2024,141,24,5.08,90.64,Winter Sale,12780.24,716.28,12063.96,121.92,5.64,0,0
P1534,Board Game,Dolls,Store_2,2/23/2022,459,38,13.03,83.62,Winter Sale,38381.58,5980.77,32400.81,495.14,11.76923077,0,0
P1535,Puzzle,Dolls,Store_10,10/12/2023,370,130,6.31,32.75,Diwali,12117.5,2334.7,9782.8,820.3,2.824427481,0,0
P1536,Puzzle,Games,Store_6,8/17/2024,470,497,12.51,34.43,Summer Break,16182.1,5879.7,10302.4,6217.47,0.9437751,0,6217.47
P1537,Board Game,Action Toys,Store_1,6/21/2023,142,228,13.16,21.28,Diwali,3021.76,1868.72,1153.04,3000.48,0.620087336,0,0
P1538,Action Figure,Games,Store_1,9/17/2022,91,107,22.45,40.33,Off Season,3670.03,2042.95,1627.08,2402.15,0.842592593,0,0
P1539,Board Game,Games,Store_4,5/5/2024,353,171,23.1,99.96,Diwali,35285.88,8154.3,27131.58,3950.1,2.052325581,0,0
P1540,Soft Toy,Puzzles,Store_6,3/29/2022,321,434,44.34,46.52,Summer Break,14932.92,14233.14,699.78,19243.56,0.737931034,0,19243.56
P1541,Board Game,Action Toys,Store_9,3/17/2023,287,477,27.95,29.84,Off Season,8564.08,8021.65,542.43,13332.15,0.60041841,0,13332.15
P1542,Puzzle,Games,Store_1,7/10/2023,214,101,37.55,78.62,Off Season,16824.68,8035.7,8788.98,3792.55,2.098039216,0,0
P1543,Board Game,Dolls,Store_3,3/10/2022,446,523,9.69,58.82,Off Season,26233.72,4321.74,21911.98,5067.87,0.851145038,0,5067.87
P1544,Puzzle,Action Toys,Store_5,6/7/2022,341,274,15.14,23.46,Diwali,7999.86,5162.74,2837.12,4148.36,1.24,0,0
P1545,Doll,Dolls,Store_4,4/17/2023,50,43,36.63,44.26,Winter Sale,2213,1831.5,381.5,1575.09,1.136363636,0,0
P1546,Puzzle,Action Toys,Store_7,5/18/2022,152,16,7.38,47.3,Winter Sale,7189.6,1121.76,6067.84,118.08,8.941176471,1,0
P1547,Soft Toy,Puzzles,Store_3,1/8/2024,185,329,26.9,77.84,Winter Sale,14400.4,4976.5,9423.9,8850.1,0.560606061,0,0
P1548,Puzzle,Dolls,Store_9,11/18/2022,62,568,31.97,11.86,Winter Sale,735.32,1982.14,-1246.82,18158.96,0.108963093,0,18158.96
P1549,Remote Car,Dolls,Store_8,8/6/2024,189,496,32.1,34.21,Diwali,6465.69,6066.9,398.79,15921.6,0.38028169,0,15921.6
P1550,Doll,Games,Store_5,5/31/2024,124,11,6.03,56.58,Christmas,7015.92,747.72,6268.2,66.33,10.33333333,1,0
P1551,Action Figure,Puzzles,Store_4,4/2/2023,149,317,19.49,34.2,Summer Break,5095.8,2904.01,2191.79,6178.33,0.468553459,0,0
P1552,Board Game,Puzzles,Store_4,6/6/2022,313,591,33.64,66.56,Winter Sale,20833.28,10529.32,10303.96,19881.24,0.528716216,0,19881.24
P1553,Action Figure,Action Toys,Store_3,4/23/2024,57,215,11.7,53.37,Off Season,3042.09,666.9,2375.19,2515.5,0.263888889,0,0
P1554,Card Game,Dolls,Store_10,6/10/2023,341,338,36.29,42.55,Off Season,14509.55,12374.89,2134.66,12266.02,1.005899705,0,0
P1555,Puzzle,Dolls,Store_8,5/22/2022,304,80,38.57,95.43,Summer Break,29010.72,11725.28,17285.44,3085.6,3.75308642,0,0
P1556,Lego Set,Action Toys,Store_7,4/7/2022,179,484,49.19,66.89,Off Season,11973.31,8805.01,3168.3,23807.96,0.369072165,0,23807.96
P1557,Action Figure,Games,Store_10,9/23/2024,169,373,14.44,21.69,Winter Sale,3665.61,2440.36,1225.25,5386.12,0.451871658,0,0
P1558,Puzzle,Dolls,Store_7,8/9/2023,325,199,42.13,60.41,Diwali,19633.25,13692.25,5941,8383.87,1.625,0,0
P1559,Remote Car,Games,Store_1,3/31/2023,270,536,28.41,80.27,Summer Break,21672.9,7670.7,14002.2,15227.76,0.502793296,0,15227.76
P1560,Puzzle,Dolls,Store_4,3/2/2024,53,465,21.81,73.76,Winter Sale,3909.28,1155.93,2753.35,10141.65,0.113733906,0,10141.65
P1561,Doll,Puzzles,Store_8,5/2/2022,490,88,10.51,25.49,Diwali,12490.1,5149.9,7340.2,924.88,5.505617978,0,0
P1562,Remote Car,Dolls,Store_10,12/10/2022,443,267,38.1,97.52,Off Season,43201.36,16878.3,26323.06,10172.7,1.652985075,0,0
P1563,Board Game,Puzzles,Store_9,12/22/2022,100,570,15.61,50.39,Diwali,5039,1561,3478,8897.7,0.175131349,0,8897.7
P1564,Card Game,Dolls,Store_6,4/18/2022,480,488,21.71,24.31,Summer Break,11668.8,10420.8,1248,10594.48,0.981595092,0,10594.48
P1565,Soft Toy,Action Toys,Store_7,6/2/2022,263,537,7.81,26.22,Diwali,6895.86,2054.03,4841.83,4193.97,0.488847584,0,4193.97
P1566,Remote Car,Dolls,Store_2,2/15/2024,52,46,41.06,18.84,Winter Sale,979.68,2135.12,-1155.44,1888.76,1.106382979,0,0
P1567,Board Game,Games,Store_8,5/23/2024,59,287,39.5,82.32,Summer Break,4856.88,2330.5,2526.38,11336.5,0.204861111,0,0
P1568,Card Game,Puzzles,Store_6,12/11/2022,491,15,38.01,20.98,Off Season,10301.18,18662.91,-8361.73,570.15,30.6875,1,0
P1569,Doll,Games,Store_3,1/28/2022,107,400,18.47,21.26,Diwali,2274.82,1976.29,298.53,7388,0.266832918,0,0
P1570,Board Game,Dolls,Store_9,8/14/2022,4,85,12.81,86.54,Diwali,346.16,51.24,294.92,1088.85,0.046511628,0,0
P1571,Lego Set,Puzzles,Store_10,1/8/2024,102,249,33.69,41.01,Summer Break,4183.02,3436.38,746.64,8388.81,0.408,0,0
P1572,Soft Toy,Action Toys,Store_9,11/26/2023,195,390,27.33,12.78,Off Season,2492.1,5329.35,-2837.25,10658.7,0.498721228,0,0
P1573,Soft Toy,Games,Store_5,10/12/2023,261,334,13.02,14.67,Off Season,3828.87,3398.22,430.65,4348.68,0.779104478,0,0
P1574,Remote Car,Games,Store_7,5/23/2024,364,518,35.87,22.8,Summer Break,8299.2,13056.68,-4757.48,18580.66,0.701348748,0,18580.66
P1575,Card Game,Games,Store_7,10/20/2023,479,136,49.6,29.21,Off Season,13991.59,23758.4,-9766.81,6745.6,3.496350365,0,0
P1576,Remote Car,Action Toys,Store_9,7/13/2024,371,497,38.62,69.86,Summer Break,25918.06,14328.02,11590.04,19194.14,0.74497992,0,19194.14
P1577,Soft Toy,Puzzles,Store_4,6/23/2024,349,476,38.3,24.16,Diwali,8431.84,13366.7,-4934.86,18230.8,0.731656184,0,18230.8
P1578,Card Game,Action Toys,Store_5,3/8/2022,46,593,47.76,20.7,Christmas,952.2,2196.96,-1244.76,28321.68,0.077441077,0,28321.68
P1579,Card Game,Dolls,Store_8,7/22/2023,354,222,14.13,78.82,Summer Break,27902.28,5002.02,22900.26,3136.86,1.587443946,0,0
P1580,Remote Car,Action Toys,Store_2,1/12/2024,310,371,30.45,70.39,Christmas,21820.9,9439.5,12381.4,11296.95,0.833333333,0,0
P1581,Doll,Games,Store_2,3/8/2024,423,401,49.08,49.18,Off Season,20803.14,20760.84,42.3,19681.08,1.052238806,0,19681.08
P1582,Board Game,Puzzles,Store_9,5/9/2023,307,442,12.44,59.44,Christmas,18248.08,3819.08,14429,5498.48,0.693002257,0,5498.48
P1583,Puzzle,Dolls,Store_8,6/8/2024,143,489,36.51,38.08,Winter Sale,5445.44,5220.93,224.51,17853.39,0.291836735,0,17853.39
P1584,Soft Toy,Games,Store_8,11/3/2023,268,272,31.36,53.43,Off Season,14319.24,8404.48,5914.76,8529.92,0.981684982,0,0
P1585,Lego Set,Action Toys,Store_4,8/29/2022,369,525,31.39,55.6,Diwali,20516.4,11582.91,8933.49,16479.75,0.701520913,0,16479.75
P1586,Lego Set,Games,Store_2,3/12/2022,123,158,36.4,44.85,Summer Break,5516.55,4477.2,1039.35,5751.2,0.773584906,0,0
P1587,Card Game,Action Toys,Store_4,8/13/2023,105,151,46.83,91.59,Winter Sale,9616.95,4917.15,4699.8,7071.33,0.690789474,0,0
P1588,Remote Car,Dolls,Store_10,9/8/2022,157,187,40.22,11.45,Christmas,1797.65,6314.54,-4516.89,7521.14,0.835106383,0,0
P1589,Remote Car,Action Toys,Store_4,4/8/2024,146,97,7.53,80.4,Christmas,11738.4,1099.38,10639.02,730.41,1.489795918,0,0
P1590,Board Game,Dolls,Store_2,10/3/2023,144,130,43.37,21.19,Off Season,3051.36,6245.28,-3193.92,5638.1,1.099236641,0,0
P1591,Lego Set,Games,Store_6,7/21/2022,119,170,15.15,81.78,Christmas,9731.82,1802.85,7928.97,2575.5,0.695906433,0,0
P1592,Lego Set,Games,Store_8,9/23/2022,318,182,21.96,65.43,Winter Sale,20806.74,6983.28,13823.46,3996.72,1.737704918,0,0
P1593,Puzzle,Games,Store_10,9/25/2022,274,363,25.78,85.9,Off Season,23536.6,7063.72,16472.88,9358.14,0.752747253,0,0
P1594,Lego Set,Puzzles,Store_10,2/10/2024,91,38,26.64,18.78,Diwali,1708.98,2424.24,-715.26,1012.32,2.333333333,0,0
P1595,Board Game,Action Toys,Store_7,10/23/2022,57,526,24.58,60.31,Christmas,3437.67,1401.06,2036.61,12929.08,0.108159393,0,12929.08
P1596,Lego Set,Action Toys,Store_7,1/3/2022,438,496,47.18,55.1,Summer Break,24133.8,20664.84,3468.96,23401.28,0.881287726,0,23401.28
P1597,Board Game,Action Toys,Store_9,9/30/2023,345,515,36.77,73.56,Diwali,25378.2,12685.65,12692.55,18936.55,0.668604651,0,18936.55
P1598,Board Game,Puzzles,Store_3,1/5/2022,228,348,33.4,58.09,Winter Sale,13244.52,7615.2,5629.32,11623.2,0.653295129,0,0
P1599,Puzzle,Dolls,Store_7,1/10/2024,473,396,7.24,58.67,Off Season,27750.91,3424.52,24326.39,2867.04,1.191435768,0,0
P1600,Action Figure,Action Toys,Store_9,7/18/2023,116,160,45.68,48.66,Winter Sale,5644.56,5298.88,345.68,7308.8,0.720496894,0,0
P1601,Board Game,Puzzles,Store_3,3/30/2023,317,15,45.92,37.8,Off Season,11982.6,14556.64,-2574.04,688.8,19.8125,1,0
P1602,Remote Car,Games,Store_9,8/15/2022,278,492,40.11,53.4,Diwali,14845.2,11150.58,3694.62,19734.12,0.563894523,0,19734.12
P1603,Action Figure,Puzzles,Store_2,9/22/2024,126,425,5.32,20.66,Diwali,2603.16,670.32,1932.84,2261,0.295774648,0,2261
P1604,Board Game,Action Toys,Store_10,3/19/2022,392,107,7.58,96.54,Christmas,37843.68,2971.36,34872.32,811.06,3.62962963,0,0
P1605,Lego Set,Action Toys,Store_9,3/23/2024,395,449,15.14,74.3,Off Season,29348.5,5980.3,23368.2,6797.86,0.877777778,0,6797.86
P1606,Board Game,Puzzles,Store_9,9/28/2022,128,310,10.91,95.72,Winter Sale,12252.16,1396.48,10855.68,3382.1,0.411575563,0,0
P1607,Lego Set,Games,Store_6,12/25/2023,57,169,22.95,30.41,Christmas,1733.37,1308.15,425.22,3878.55,0.335294118,0,0
P1608,Remote Car,Games,Store_10,1/22/2024,121,545,46.52,89.14,Off Season,10785.94,5628.92,5157.02,25353.4,0.221611722,0,25353.4
P1609,Board Game,Dolls,Store_3,3/2/2022,0,413,26.24,82.79,Winter Sale,0,0,0,10837.12,0,0,10837.12
P1610,Card Game,Puzzles,Store_4,9/27/2024,238,250,5.6,70.94,Christmas,16883.72,1332.8,15550.92,1400,0.948207171,0,0
P1611,Lego Set,Dolls,Store_3,8/14/2024,289,140,17.72,66.25,Summer Break,19146.25,5121.08,14025.17,2480.8,2.04964539,0,0
P1612,Board Game,Games,Store_6,3/14/2024,95,273,7.01,38.49,Christmas,3656.55,665.95,2990.6,1913.73,0.346715328,0,0
P1613,Card Game,Dolls,Store_7,6/24/2023,125,415,6.63,83.48,Diwali,10435,828.75,9606.25,2751.45,0.300480769,0,2751.45
P1614,Soft Toy,Puzzles,Store_6,10/30/2023,117,38,17.41,55.14,Winter Sale,6451.38,2036.97,4414.41,661.58,3,0,0
P1615,Doll,Puzzles,Store_3,4/23/2023,47,28,17.4,16.38,Christmas,769.86,817.8,-47.94,487.2,1.620689655,0,0
P1616,Action Figure,Dolls,Store_6,12/5/2023,88,476,40.42,38.16,Summer Break,3358.08,3556.96,-198.88,19239.92,0.184486373,0,19239.92
P1617,Action Figure,Games,Store_1,6/11/2023,487,317,48.87,94.18,Summer Break,45865.66,23799.69,22065.97,15491.79,1.531446541,0,0
P1618,Card Game,Games,Store_8,12/30/2023,236,244,21.7,86.56,Diwali,20428.16,5121.2,15306.96,5294.8,0.963265306,0,0
P1619,Doll,Games,Store_10,5/12/2023,372,271,24.3,98.37,Summer Break,36593.64,9039.6,27554.04,6585.3,1.367647059,0,0
P1620,Puzzle,Action Toys,Store_2,8/30/2024,384,439,43.02,66.52,Christmas,25543.68,16519.68,9024,18885.78,0.872727273,0,18885.78
P1621,Board Game,Dolls,Store_10,2/21/2024,271,238,17.07,32.28,Winter Sale,8747.88,4625.97,4121.91,4062.66,1.133891213,0,0
P1622,Doll,Dolls,Store_4,7/8/2022,188,376,12.04,24.65,Summer Break,4634.2,2263.52,2370.68,4527.04,0.49867374,0,0
P1623,Remote Car,Puzzles,Store_10,2/3/2022,486,265,43.39,26.82,Christmas,13034.52,21087.54,-8053.02,11498.35,1.827067669,0,0
P1624,Remote Car,Puzzles,Store_10,10/26/2023,191,358,7.09,11.78,Off Season,2249.98,1354.19,895.79,2538.22,0.532033426,0,0
P1625,Remote Car,Puzzles,Store_6,3/17/2022,446,339,32.89,45.16,Winter Sale,20141.36,14668.94,5472.42,11149.71,1.311764706,0,0
P1626,Remote Car,Games,Store_4,9/25/2023,68,388,30.29,27.23,Off Season,1851.64,2059.72,-208.08,11752.52,0.174807198,0,0
P1627,Action Figure,Puzzles,Store_10,5/18/2022,277,576,20.57,47.05,Winter Sale,13032.85,5697.89,7334.96,11848.32,0.480069324,0,11848.32
P1628,Lego Set,Dolls,Store_1,2/12/2022,348,2,19.18,94.15,Diwali,32764.2,6674.64,26089.56,38.36,116,1,0
P1629,Soft Toy,Action Toys,Store_8,2/10/2024,246,428,39.73,48.75,Winter Sale,11992.5,9773.58,2218.92,17004.44,0.573426573,0,17004.44
P1630,Remote Car,Games,Store_8,7/28/2023,450,141,8.89,89.02,Diwali,40059,4000.5,36058.5,1253.49,3.169014085,0,0
P1631,Remote Car,Dolls,Store_7,5/24/2023,75,375,15.66,64.5,Christmas,4837.5,1174.5,3663,5872.5,0.199468085,0,0
P1632,Board Game,Puzzles,Store_8,1/14/2024,153,323,37.96,32.24,Off Season,4932.72,5807.88,-875.16,12261.08,0.472222222,0,0
P1633,Soft Toy,Games,Store_4,5/16/2022,143,145,29.67,42.03,Christmas,6010.29,4242.81,1767.48,4302.15,0.979452055,0,0
P1634,Remote Car,Games,Store_1,1/26/2024,434,292,10.76,17.55,Winter Sale,7616.7,4669.84,2946.86,3141.92,1.481228669,0,0
P1635,Soft Toy,Puzzles,Store_7,8/15/2024,484,431,44.7,40.01,Off Season,19364.84,21634.8,-2269.96,19265.7,1.12037037,0,19265.7
P1636,Board Game,Dolls,Store_3,9/8/2022,85,584,22.71,70.98,Diwali,6033.3,1930.35,4102.95,13262.64,0.145299145,0,13262.64
P1637,Soft Toy,Puzzles,Store_2,11/23/2022,184,398,42.25,16.49,Diwali,3034.16,7774,-4739.84,16815.5,0.461152882,0,0
P1638,Card Game,Puzzles,Store_8,4/13/2022,284,343,40.45,28.49,Off Season,8091.16,11487.8,-3396.64,13874.35,0.825581395,0,0
P1639,Doll,Games,Store_8,9/14/2023,461,139,33.1,44.33,Summer Break,20436.13,15259.1,5177.03,4600.9,3.292857143,0,0
P1640,Soft Toy,Action Toys,Store_9,4/10/2024,219,186,27.25,98.38,Off Season,21545.22,5967.75,15577.47,5068.5,1.171122995,0,0
P1641,Doll,Dolls,Store_7,8/10/2023,68,60,49.08,80.64,Summer Break,5483.52,3337.44,2146.08,2944.8,1.114754098,0,0
P1642,Puzzle,Puzzles,Store_3,3/20/2023,46,379,11.52,76.01,Christmas,3496.46,529.92,2966.54,4366.08,0.121052632,0,0
P1643,Lego Set,Puzzles,Store_4,3/5/2024,496,439,37.63,20.46,Diwali,10148.16,18664.48,-8516.32,16519.57,1.127272727,0,16519.57
P1644,Lego Set,Dolls,Store_10,8/22/2022,93,318,13.6,80.29,Winter Sale,7466.97,1264.8,6202.17,4324.8,0.29153605,0,0
P1645,Board Game,Games,Store_7,12/10/2022,237,301,20.22,80.67,Christmas,19118.79,4792.14,14326.65,6086.22,0.784768212,0,0
P1646,Board Game,Games,Store_9,10/25/2023,445,343,18.89,64.1,Christmas,28524.5,8406.05,20118.45,6479.27,1.293604651,0,0
P1647,Soft Toy,Action Toys,Store_10,9/13/2023,499,10,47.62,99.13,Summer Break,49465.87,23762.38,25703.49,476.2,45.36363636,1,0
P1648,Remote Car,Action Toys,Store_10,3/5/2024,452,61,48.53,39.27,Diwali,17750.04,21935.56,-4185.52,2960.33,7.290322581,0,0
P1649,Soft Toy,Puzzles,Store_5,9/18/2022,203,225,13.24,94.71,Christmas,19226.13,2687.72,16538.41,2979,0.898230088,0,0
P1650,Remote Car,Action Toys,Store_8,2/28/2022,399,152,5.99,92.33,Christmas,36839.67,2390.01,34449.66,910.48,2.607843137,0,0
P1651,Card Game,Action Toys,Store_10,2/24/2024,217,563,37.4,11.03,Winter Sale,2393.51,8115.8,-5722.29,21056.2,0.384751773,0,21056.2
P1652,Puzzle,Games,Store_9,9/12/2023,473,570,23.81,50.51,Off Season,23891.23,11262.13,12629.1,13571.7,0.828371278,0,13571.7
P1653,Card Game,Action Toys,Store_6,1/14/2022,431,583,9,97.94,Winter Sale,42212.14,3879,38333.14,5247,0.738013699,0,5247
P1654,Puzzle,Games,Store_4,8/19/2024,340,574,35.77,19.28,Diwali,6555.2,12161.8,-5606.6,20531.98,0.591304348,0,20531.98
P1655,Puzzle,Puzzles,Store_4,11/22/2023,38,309,29.53,59.3,Summer Break,2253.4,1122.14,1131.26,9124.77,0.122580645,0,0
P1656,Soft Toy,Puzzles,Store_3,8/10/2022,99,242,49.12,98.11,Summer Break,9712.89,4862.88,4850.01,11887.04,0.407407407,0,0
P1657,Card Game,Puzzles,Store_5,4/25/2022,288,492,15.23,59.99,Diwali,17277.12,4386.24,12890.88,7493.16,0.584178499,0,7493.16
P1658,Board Game,Action Toys,Store_8,2/5/2024,253,365,23.18,27.08,Diwali,6851.24,5864.54,986.7,8460.7,0.691256831,0,0
P1659,Puzzle,Dolls,Store_1,8/9/2022,221,329,29.41,62.4,Diwali,13790.4,6499.61,7290.79,9675.89,0.66969697,0,0
P1660,Board Game,Dolls,Store_10,6/6/2022,356,106,40.63,28.4,Summer Break,10110.4,14464.28,-4353.88,4306.78,3.327102804,0,0
P1661,Doll,Dolls,Store_6,6/29/2022,22,225,29.7,56.77,Off Season,1248.94,653.4,595.54,6682.5,0.097345133,0,0
P1662,Lego Set,Games,Store_1,3/30/2023,249,217,32.58,16.66,Summer Break,4148.34,8112.42,-3964.08,7069.86,1.142201835,0,0
P1663,Remote Car,Action Toys,Store_5,1/15/2023,9,505,15.18,64.49,Diwali,580.41,136.62,443.79,7665.9,0.017786561,0,7665.9
P1664,Soft Toy,Puzzles,Store_4,3/27/2023,245,258,43.11,56.51,Diwali,13844.95,10561.95,3283,11122.38,0.945945946,0,0
P1665,Card Game,Action Toys,Store_10,11/18/2023,324,516,24.29,76.61,Christmas,24821.64,7869.96,16951.68,12533.64,0.626692456,0,12533.64
P1666,Soft Toy,Action Toys,Store_2,3/5/2024,99,53,11.34,66.76,Summer Break,6609.24,1122.66,5486.58,601.02,1.833333333,0,0
P1667,Puzzle,Dolls,Store_10,7/24/2024,289,46,34.89,59.46,Diwali,17183.94,10083.21,7100.73,1604.94,6.14893617,0,0
P1668,Soft Toy,Dolls,Store_2,9/15/2023,179,520,14.72,72.08,Summer Break,12902.32,2634.88,10267.44,7654.4,0.343570058,0,7654.4
P1669,Lego Set,Games,Store_8,7/6/2023,222,98,9.39,22.95,Off Season,5094.9,2084.58,3010.32,920.22,2.242424242,0,0
P1670,Lego Set,Dolls,Store_9,8/14/2023,393,19,43.79,63.58,Diwali,24986.94,17209.47,7777.47,832.01,19.65,1,0
P1671,Lego Set,Games,Store_6,6/17/2022,249,572,25.71,25.49,Summer Break,6347.01,6401.79,-54.78,14706.12,0.434554974,0,14706.12
P1672,Remote Car,Puzzles,Store_4,7/15/2022,146,489,38.72,93.3,Diwali,13621.8,5653.12,7968.68,18934.08,0.297959184,0,18934.08
P1673,Puzzle,Action Toys,Store_8,10/9/2022,441,418,18.08,16.15,Winter Sale,7122.15,7973.28,-851.13,7557.44,1.052505967,0,7557.44
P1674,Doll,Games,Store_2,2/17/2024,95,61,40.41,48.73,Winter Sale,4629.35,3838.95,790.4,2465.01,1.532258065,0,0
P1675,Doll,Dolls,Store_6,5/20/2023,256,144,10.04,72.62,Christmas,18590.72,2570.24,16020.48,1445.76,1.765517241,0,0
P1676,Soft Toy,Action Toys,Store_9,6/11/2023,324,215,21.02,51.22,Winter Sale,16595.28,6810.48,9784.8,4519.3,1.5,0,0
P1677,Card Game,Games,Store_3,2/22/2023,492,2,49.01,18.29,Diwali,8998.68,24112.92,-15114.24,98.02,164,1,0
P1678,Soft Toy,Games,Store_1,1/7/2022,3,159,40.73,59.8,Off Season,179.4,122.19,57.21,6476.07,0.01875,0,0
P1679,Action Figure,Dolls,Store_8,9/26/2022,15,119,27.38,67.75,Diwali,1016.25,410.7,605.55,3258.22,0.125,0,0
P1680,Card Game,Games,Store_10,6/23/2023,279,88,20.29,73.34,Christmas,20461.86,5660.91,14800.95,1785.52,3.134831461,0,0
P1681,Board Game,Games,Store_3,4/27/2022,335,328,44.25,43.59,Christmas,14602.65,14823.75,-221.1,14514,1.018237082,0,0
P1682,Board Game,Action Toys,Store_10,9/11/2023,246,579,29.52,60.73,Christmas,14939.58,7261.92,7677.66,17092.08,0.424137931,0,17092.08
P1683,Card Game,Games,Store_10,1/7/2024,257,356,39.13,50.56,Winter Sale,12993.92,10056.41,2937.51,13930.28,0.719887955,0,0
P1684,Doll,Puzzles,Store_4,4/19/2022,496,266,38.93,70.49,Winter Sale,34963.04,19309.28,15653.76,10355.38,1.857677903,0,0
P1685,Lego Set,Puzzles,Store_10,1/22/2024,475,322,5.81,62.52,Summer Break,29697,2759.75,26937.25,1870.82,1.470588235,0,0
P1686,Remote Car,Action Toys,Store_1,9/7/2024,383,540,10.68,57.32,Diwali,21953.56,4090.44,17863.12,5767.2,0.707948244,0,5767.2
P1687,Remote Car,Dolls,Store_7,6/4/2024,159,194,34.68,32.46,Winter Sale,5161.14,5514.12,-352.98,6727.92,0.815384615,0,0
P1688,Doll,Action Toys,Store_6,8/5/2024,474,331,12.27,10.18,Christmas,4825.32,5815.98,-990.66,4061.37,1.427710843,0,0
P1689,Lego Set,Puzzles,Store_6,1/1/2023,339,169,16.5,25.67,Christmas,8702.13,5593.5,3108.63,2788.5,1.994117647,0,0
P1690,Lego Set,Games,Store_6,12/21/2023,151,520,47.6,20.54,Winter Sale,3101.54,7187.6,-4086.06,24752,0.289827255,0,24752
P1691,Doll,Action Toys,Store_8,4/23/2024,395,462,30.21,50.42,Diwali,19915.9,11932.95,7982.95,13957.02,0.853131749,0,13957.02
P1692,Doll,Dolls,Store_4,3/14/2023,177,39,38.78,65.1,Summer Break,11522.7,6864.06,4658.64,1512.42,4.425,0,0
P1693,Remote Car,Action Toys,Store_3,1/25/2022,162,536,30.11,29.18,Summer Break,4727.16,4877.82,-150.66,16138.96,0.301675978,0,16138.96
P1694,Lego Set,Dolls,Store_2,8/3/2024,379,260,29.86,94.52,Off Season,35823.08,11316.94,24506.14,7763.6,1.45210728,0,0
P1695,Puzzle,Dolls,Store_6,6/3/2023,32,394,9.24,10.6,Winter Sale,339.2,295.68,43.52,3640.56,0.081012658,0,0
P1696,Soft Toy,Dolls,Store_8,7/21/2022,416,225,20.46,79.51,Christmas,33076.16,8511.36,24564.8,4603.5,1.840707965,0,0
P1697,Action Figure,Puzzles,Store_2,11/28/2023,444,123,17.71,66.27,Off Season,29423.88,7863.24,21560.64,2178.33,3.580645161,0,0
P1698,Soft Toy,Dolls,Store_7,7/11/2022,178,37,22.58,43.62,Winter Sale,7764.36,4019.24,3745.12,835.46,4.684210526,0,0
P1699,Board Game,Dolls,Store_4,12/25/2022,426,327,40.93,14.54,Christmas,6194.04,17436.18,-11242.14,13384.11,1.298780488,0,0
P1700,Board Game,Puzzles,Store_10,10/3/2023,100,250,21.74,66.47,Winter Sale,6647,2174,4473,5435,0.398406375,0,0
P1701,Board Game,Action Toys,Store_8,9/19/2022,267,175,25.33,44.71,Off Season,11937.57,6763.11,5174.46,4432.75,1.517045455,0,0
P1702,Action Figure,Games,Store_5,8/3/2022,322,453,22.88,94.26,Summer Break,30351.72,7367.36,22984.36,10364.64,0.709251101,0,10364.64
P1703,Lego Set,Dolls,Store_7,5/15/2023,64,36,9.2,58.78,Winter Sale,3761.92,588.8,3173.12,331.2,1.72972973,0,0
P1704,Remote Car,Dolls,Store_8,7/15/2024,416,315,24.85,94.57,Christmas,39341.12,10337.6,29003.52,7827.75,1.316455696,0,0
P1705,Doll,Games,Store_5,12/3/2023,167,592,13.8,29.84,Off Season,4983.28,2304.6,2678.68,8169.6,0.281618887,0,8169.6
P1706,Soft Toy,Action Toys,Store_9,5/19/2024,329,113,13.4,75.32,Diwali,24780.28,4408.6,20371.68,1514.2,2.885964912,0,0
P1707,Puzzle,Action Toys,Store_4,9/18/2024,42,39,9.23,65.55,Winter Sale,2753.1,387.66,2365.44,359.97,1.05,0,0
P1708,Action Figure,Dolls,Store_1,1/26/2024,43,300,21.05,76.55,Winter Sale,3291.65,905.15,2386.5,6315,0.142857143,0,0
P1709,Action Figure,Puzzles,Store_10,9/19/2024,284,223,39.09,29.32,Off Season,8326.88,11101.56,-2774.68,8717.07,1.267857143,0,0
P1710,Puzzle,Games,Store_9,8/3/2023,396,317,17.44,69.85,Diwali,27660.6,6906.24,20754.36,5528.48,1.245283019,0,0
P1711,Action Figure,Games,Store_7,12/12/2022,11,348,19.06,54.82,Diwali,603.02,209.66,393.36,6632.88,0.031518625,0,0
P1712,Lego Set,Action Toys,Store_9,6/20/2023,94,114,33.92,76.85,Christmas,7223.9,3188.48,4035.42,3866.88,0.817391304,0,0
P1713,Remote Car,Games,Store_1,4/24/2024,301,322,13.81,39.43,Off Season,11868.43,4156.81,7711.62,4446.82,0.931888545,0,0
P1714,Soft Toy,Dolls,Store_7,6/15/2022,385,567,45.36,90.11,Summer Break,34692.35,17463.6,17228.75,25719.12,0.677816901,0,25719.12
P1715,Lego Set,Puzzles,Store_8,10/1/2023,252,39,28.41,17.59,Diwali,4432.68,7159.32,-2726.64,1107.99,6.3,0,0
P1716,Card Game,Dolls,Store_4,3/31/2022,498,39,25.14,82.65,Diwali,41159.7,12519.72,28639.98,980.46,12.45,0,0
P1717,Board Game,Games,Store_6,7/2/2022,241,288,30.1,87.52,Winter Sale,21092.32,7254.1,13838.22,8668.8,0.833910035,0,0
P1718,Card Game,Puzzles,Store_2,12/8/2023,34,261,12.47,83.55,Winter Sale,2840.7,423.98,2416.72,3254.67,0.129770992,0,0
P1719,Action Figure,Action Toys,Store_6,5/24/2022,214,215,32.61,56.15,Winter Sale,12016.1,6978.54,5037.56,7011.15,0.990740741,0,0
P1720,Soft Toy,Games,Store_8,5/3/2023,336,146,21.34,49.45,Winter Sale,16615.2,7170.24,9444.96,3115.64,2.285714286,0,0
P1721,Soft Toy,Dolls,Store_5,5/8/2022,89,335,45.37,99.66,Off Season,8869.74,4037.93,4831.81,15198.95,0.264880952,0,0
P1722,Soft Toy,Puzzles,Store_3,3/18/2024,263,167,12.6,30.63,Off Season,8055.69,3313.8,4741.89,2104.2,1.56547619,0,0
P1723,Soft Toy,Action Toys,Store_1,3/31/2024,92,91,27.82,59.22,Diwali,5448.24,2559.44,2888.8,2531.62,1,0,0
P1724,Soft Toy,Puzzles,Store_2,5/22/2023,409,352,31.92,70.36,Diwali,28777.24,13055.28,15721.96,11235.84,1.158640227,0,0
P1725,Soft Toy,Action Toys,Store_4,3/14/2023,457,570,6.5,73.08,Summer Break,33397.56,2970.5,30427.06,3705,0.800350263,0,3705
P1726,Doll,Dolls,Store_5,3/11/2024,89,570,21.37,28.36,Off Season,2524.04,1901.93,622.11,12180.9,0.1558669,0,12180.9
P1727,Action Figure,Games,Store_2,5/29/2022,417,362,37.97,68.86,Winter Sale,28714.62,15833.49,12881.13,13745.14,1.148760331,0,0
P1728,Card Game,Games,Store_3,10/25/2023,114,556,41.92,83.65,Diwali,9536.1,4778.88,4757.22,23307.52,0.204667864,0,23307.52
P1729,Doll,Puzzles,Store_5,9/2/2023,104,344,19.09,14.5,Summer Break,1508,1985.36,-477.36,6566.96,0.301449275,0,0
P1730,Lego Set,Games,Store_2,3/29/2024,390,169,40.94,92.04,Off Season,35895.6,15966.6,19929,6918.86,2.294117647,0,0
P1731,Card Game,Games,Store_8,2/27/2022,195,355,48.55,12.66,Winter Sale,2468.7,9467.25,-6998.55,17235.25,0.547752809,0,0
P1732,Card Game,Action Toys,Store_1,9/16/2022,313,190,43.56,42.04,Winter Sale,13158.52,13634.28,-475.76,8276.4,1.638743455,0,0
P1733,Soft Toy,Games,Store_9,6/2/2022,113,421,10.29,11.42,Christmas,1290.46,1162.77,127.69,4332.09,0.267772512,0,4332.09
P1734,Soft Toy,Dolls,Store_8,3/27/2022,492,6,38.29,16.94,Off Season,8334.48,18838.68,-10504.2,229.74,70.28571429,1,0
P1735,Action Figure,Dolls,Store_9,4/19/2023,74,132,19.39,92.01,Summer Break,6808.74,1434.86,5373.88,2559.48,0.556390977,0,0
P1736,Doll,Action Toys,Store_4,4/22/2022,412,556,49.48,41.94,Christmas,17279.28,20385.76,-3106.48,27510.88,0.73967684,0,27510.88
P1737,Doll,Puzzles,Store_2,6/4/2022,375,30,26.84,48.23,Off Season,18086.25,10065,8021.25,805.2,12.09677419,0,0
P1738,Soft Toy,Games,Store_2,8/29/2022,419,534,10.51,29.38,Christmas,12310.22,4403.69,7906.53,5612.34,0.78317757,0,5612.34
P1739,Soft Toy,Puzzles,Store_4,10/16/2023,216,425,37.63,63.74,Diwali,13767.84,8128.08,5639.76,15992.75,0.507042254,0,15992.75
P1740,Action Figure,Games,Store_6,1/23/2024,276,393,19.54,63.53,Diwali,17534.28,5393.04,12141.24,7679.22,0.700507614,0,0
P1741,Soft Toy,Games,Store_8,7/20/2022,248,362,49.87,43.5,Christmas,10788,12367.76,-1579.76,18052.94,0.683195592,0,0
P1742,Soft Toy,Action Toys,Store_9,11/29/2022,163,436,49.09,39.97,Off Season,6515.11,8001.67,-1486.56,21403.24,0.372997712,0,21403.24
P1743,Lego Set,Dolls,Store_9,2/18/2024,393,550,34.53,89.65,Diwali,35232.45,13570.29,21662.16,18991.5,0.713248639,0,18991.5
P1744,Puzzle,Games,Store_7,7/27/2022,356,81,10.84,44.5,Christmas,15842,3859.04,11982.96,878.04,4.341463415,0,0
P1745,Card Game,Action Toys,Store_5,4/3/2023,456,355,35.91,54.42,Diwali,24815.52,16374.96,8440.56,12748.05,1.280898876,0,0
P1746,Puzzle,Games,Store_8,7/23/2024,407,257,9.19,35.5,Summer Break,14448.5,3740.33,10708.17,2361.83,1.57751938,0,0
P1747,Lego Set,Dolls,Store_10,1/12/2023,191,588,6.32,80.81,Winter Sale,15434.71,1207.12,14227.59,3716.16,0.324278438,0,3716.16
P1748,Doll,Games,Store_6,6/25/2023,226,523,42.03,45.77,Summer Break,10344.02,9498.78,845.24,21981.69,0.43129771,0,21981.69
P1749,Action Figure,Puzzles,Store_8,2/2/2024,176,294,14.44,56.22,Winter Sale,9894.72,2541.44,7353.28,4245.36,0.596610169,0,0
P1750,Board Game,Puzzles,Store_6,12/28/2022,98,223,22.06,32.8,Summer Break,3214.4,2161.88,1052.52,4919.38,0.4375,0,0
P1751,Action Figure,Games,Store_7,1/22/2022,495,524,48.81,98.89,Diwali,48950.55,24160.95,24789.6,25576.44,0.942857143,0,25576.44
P1752,Puzzle,Dolls,Store_2,12/30/2023,35,45,20.16,36.23,Christmas,1268.05,705.6,562.45,907.2,0.760869565,0,0
P1753,Card Game,Puzzles,Store_5,12/18/2022,465,112,18.34,79.37,Christmas,36907.05,8528.1,28378.95,2054.08,4.115044248,0,0
P1754,Doll,Puzzles,Store_3,5/26/2022,496,232,46.32,48.47,Summer Break,24041.12,22974.72,1066.4,10746.24,2.128755365,0,0
P1755,Lego Set,Action Toys,Store_9,4/13/2022,486,16,9.98,28.56,Summer Break,13880.16,4850.28,9029.88,159.68,28.58823529,1,0
P1756,Remote Car,Puzzles,Store_7,9/24/2024,95,359,39.18,81.97,Winter Sale,7787.15,3722.1,4065.05,14065.62,0.263888889,0,0
P1757,Card Game,Puzzles,Store_5,10/17/2022,151,222,49.46,40.02,Winter Sale,6043.02,7468.46,-1425.44,10980.12,0.677130045,0,0
P1758,Card Game,Action Toys,Store_2,1/2/2022,150,447,45.56,87.87,Diwali,13180.5,6834,6346.5,20365.32,0.334821429,0,20365.32
P1759,Card Game,Puzzles,Store_8,5/26/2023,189,364,34.33,92.37,Off Season,17457.93,6488.37,10969.56,12496.12,0.517808219,0,0
P1760,Puzzle,Games,Store_9,1/26/2023,223,325,19.13,87.38,Diwali,19485.74,4265.99,15219.75,6217.25,0.68404908,0,0
P1761,Action Figure,Action Toys,Store_6,8/26/2024,36,466,16.44,13.15,Diwali,473.4,591.84,-118.44,7661.04,0.077087794,0,7661.04
P1762,Soft Toy,Games,Store_3,9/18/2022,267,413,41.87,80.86,Summer Break,21589.62,11179.29,10410.33,17292.31,0.644927536,0,17292.31
P1763,Soft Toy,Action Toys,Store_2,5/11/2023,368,454,44.59,47.02,Off Season,17303.36,16409.12,894.24,20243.86,0.808791209,0,20243.86
P1764,Action Figure,Puzzles,Store_4,9/10/2024,182,585,28.64,88.64,Diwali,16132.48,5212.48,10920,16754.4,0.310580205,0,16754.4
P1765,Remote Car,Puzzles,Store_3,9/21/2024,12,232,16,67.42,Christmas,809.04,192,617.04,3712,0.051502146,0,0
P1766,Doll,Dolls,Store_1,1/15/2024,278,223,10.08,85.03,Diwali,23638.34,2802.24,20836.1,2247.84,1.241071429,0,0
P1767,Puzzle,Dolls,Store_8,3/21/2023,216,411,8.92,54.95,Off Season,11869.2,1926.72,9942.48,3666.12,0.524271845,0,3666.12
P1768,Remote Car,Dolls,Store_5,5/22/2022,354,571,37.36,58.15,Off Season,20585.1,13225.44,7359.66,21332.56,0.618881119,0,21332.56
P1769,Action Figure,Dolls,Store_3,3/28/2022,360,334,23.91,22.99,Summer Break,8276.4,8607.6,-331.2,7985.94,1.074626866,0,0
P1770,Remote Car,Games,Store_8,9/3/2022,285,221,45.74,80.56,Summer Break,22959.6,13035.9,9923.7,10108.54,1.283783784,0,0
P1771,Soft Toy,Dolls,Store_2,11/12/2023,272,36,38.29,47.75,Diwali,12988,10414.88,2573.12,1378.44,7.351351351,0,0
P1772,Lego Set,Puzzles,Store_2,3/22/2022,368,277,13.61,55.01,Christmas,20243.68,5008.48,15235.2,3769.97,1.323741007,0,0
P1773,Remote Car,Dolls,Store_8,4/2/2024,61,195,32.62,80.66,Off Season,4920.26,1989.82,2930.44,6360.9,0.31122449,0,0
P1774,Lego Set,Action Toys,Store_2,5/25/2023,83,483,24.6,63.9,Off Season,5303.7,2041.8,3261.9,11881.8,0.171487603,0,11881.8
P1775,Card Game,Dolls,Store_1,12/2/2023,367,241,30.98,28.1,Winter Sale,10312.7,11369.66,-1056.96,7466.18,1.516528926,0,0
P1776,Doll,Dolls,Store_1,10/23/2022,216,323,38.21,63.12,Summer Break,13633.92,8253.36,5380.56,12341.83,0.666666667,0,0
P1777,Doll,Games,Store_3,8/24/2024,341,191,41.28,46.69,Diwali,15921.29,14076.48,1844.81,7884.48,1.776041667,0,0
P1778,Soft Toy,Dolls,Store_4,5/30/2022,396,16,42.97,52.26,Christmas,20694.96,17016.12,3678.84,687.52,23.29411765,1,0
P1779,Board Game,Action Toys,Store_7,5/20/2023,186,523,16.43,12.55,Christmas,2334.3,3055.98,-721.68,8592.89,0.354961832,0,8592.89
P1780,Action Figure,Games,Store_2,3/20/2023,18,400,6.4,28.9,Winter Sale,520.2,115.2,405,2560,0.044887781,0,0
P1781,Card Game,Dolls,Store_3,8/7/2022,176,21,38.27,35.29,Summer Break,6211.04,6735.52,-524.48,803.67,8,0,0
P1782,Action Figure,Action Toys,Store_8,3/30/2022,99,473,9.79,74.17,Christmas,7342.83,969.21,6373.62,4630.67,0.208860759,0,4630.67
P1783,Puzzle,Games,Store_1,8/9/2024,395,119,19.17,11.03,Diwali,4356.85,7572.15,-3215.3,2281.23,3.291666667,0,0
P1784,Soft Toy,Action Toys,Store_5,4/25/2024,444,209,5.17,46.79,Christmas,20774.76,2295.48,18479.28,1080.53,2.114285714,0,0
P1785,Lego Set,Puzzles,Store_2,1/20/2024,232,305,35.68,93.16,Off Season,21613.12,8277.76,13335.36,10882.4,0.758169935,0,0
P1786,Doll,Dolls,Store_3,7/16/2024,402,269,12.52,20.07,Winter Sale,8068.14,5033.04,3035.1,3367.88,1.488888889,0,0
P1787,Lego Set,Action Toys,Store_3,2/16/2022,75,284,34.49,56.48,Winter Sale,4236,2586.75,1649.25,9795.16,0.263157895,0,0
P1788,Doll,Action Toys,Store_7,3/26/2024,264,226,49.63,80.79,Off Season,21328.56,13102.32,8226.24,11216.38,1.162995595,0,0
P1789,Soft Toy,Games,Store_5,4/27/2023,454,380,8.27,94.83,Off Season,43052.82,3754.58,39298.24,3142.6,1.19160105,0,0
P1790,Remote Car,Action Toys,Store_8,8/27/2022,283,459,8.47,77.21,Winter Sale,21850.43,2397.01,19453.42,3887.73,0.615217391,0,3887.73
P1791,Action Figure,Action Toys,Store_9,8/1/2024,205,6,20.32,74.85,Christmas,15344.25,4165.6,11178.65,121.92,29.28571429,1,0
P1792,Doll,Dolls,Store_3,1/25/2023,222,28,43.99,84.38,Christmas,18732.36,9765.78,8966.58,1231.72,7.655172414,0,0
P1793,Doll,Puzzles,Store_1,3/5/2023,383,32,14.7,50.16,Summer Break,19211.28,5630.1,13581.18,470.4,11.60606061,0,0
P1794,Lego Set,Games,Store_7,3/18/2022,51,78,21.22,82.53,Summer Break,4209.03,1082.22,3126.81,1655.16,0.64556962,0,0
P1795,Action Figure,Games,Store_5,4/30/2024,338,458,8.08,10.72,Summer Break,3623.36,2731.04,892.32,3700.64,0.736383442,0,3700.64
P1796,Doll,Puzzles,Store_7,11/27/2023,366,569,39.34,93.21,Diwali,34114.86,14398.44,19716.42,22384.46,0.642105263,0,22384.46
P1797,Puzzle,Games,Store_3,2/21/2022,143,537,23.37,49.9,Summer Break,7135.7,3341.91,3793.79,12549.69,0.265799257,0,12549.69
P1798,Board Game,Games,Store_4,6/13/2023,372,481,39.17,59.8,Christmas,22245.6,14571.24,7674.36,18840.77,0.771784232,0,18840.77
P1799,Board Game,Dolls,Store_1,2/26/2022,68,429,45.66,32.94,Summer Break,2239.92,3104.88,-864.96,19588.14,0.158139535,0,19588.14
P1800,Card Game,Action Toys,Store_5,8/18/2024,98,284,15.47,76.83,Winter Sale,7529.34,1516.06,6013.28,4393.48,0.343859649,0,0
P1801,Board Game,Dolls,Store_5,7/1/2022,395,515,41.33,16.9,Winter Sale,6675.5,16325.35,-9649.85,21284.95,0.765503876,0,21284.95
P1802,Card Game,Dolls,Store_10,8/15/2024,24,98,7.66,88.54,Winter Sale,2124.96,183.84,1941.12,750.68,0.242424242,0,0
P1803,Doll,Action Toys,Store_10,10/27/2023,435,396,45.45,84.53,Winter Sale,36770.55,19770.75,16999.8,17998.2,1.095717884,0,0
P1804,Puzzle,Action Toys,Store_7,4/16/2024,378,488,34.28,29.45,Diwali,11132.1,12957.84,-1825.74,16728.64,0.773006135,0,16728.64
P1805,Soft Toy,Games,Store_2,5/25/2024,468,38,44.34,82.84,Diwali,38769.12,20751.12,18018,1684.92,12,0,0
P1806,Puzzle,Games,Store_3,6/11/2024,483,270,5.01,80.77,Diwali,39011.91,2419.83,36592.08,1352.7,1.782287823,0,0
P1807,Soft Toy,Action Toys,Store_9,6/20/2023,52,156,12.61,66.9,Summer Break,3478.8,655.72,2823.08,1967.16,0.331210191,0,0
P1808,Card Game,Puzzles,Store_6,3/22/2022,150,74,22.54,43.62,Summer Break,6543,3381,3162,1667.96,2,0,0
P1809,Puzzle,Dolls,Store_8,9/16/2023,143,129,22.08,34.43,Diwali,4923.49,3157.44,1766.05,2848.32,1.1,0,0
P1810,Remote Car,Puzzles,Store_5,7/23/2024,56,83,15.2,30.86,Off Season,1728.16,851.2,876.96,1261.6,0.666666667,0,0
P1811,Puzzle,Puzzles,Store_1,12/22/2023,38,21,22.17,38.67,Off Season,1469.46,842.46,627,465.57,1.727272727,0,0
P1812,Remote Car,Dolls,Store_3,2/18/2022,108,458,10.8,91.32,Off Season,9862.56,1166.4,8696.16,4946.4,0.235294118,0,4946.4
P1813,Puzzle,Puzzles,Store_5,1/10/2023,180,538,23.57,16.99,Off Season,3058.2,4242.6,-1184.4,12680.66,0.333951763,0,12680.66
P1814,Soft Toy,Games,Store_1,7/19/2022,41,381,41.11,84.6,Diwali,3468.6,1685.51,1783.09,15662.91,0.107329843,0,0
P1815,Card Game,Games,Store_4,8/12/2023,185,439,26.56,41.4,Winter Sale,7659,4913.6,2745.4,11659.84,0.420454545,0,11659.84
P1816,Board Game,Games,Store_6,1/5/2022,422,20,5.81,56.94,Winter Sale,24028.68,2451.82,21576.86,116.2,20.0952381,0,0
P1817,Lego Set,Action Toys,Store_8,10/23/2023,397,302,23.96,81.5,Off Season,32355.5,9512.12,22843.38,7235.92,1.310231023,0,0
P1818,Card Game,Games,Store_1,7/10/2023,222,83,6.22,89.59,Christmas,19888.98,1380.84,18508.14,516.26,2.642857143,0,0
P1819,Lego Set,Puzzles,Store_6,9/10/2023,121,452,48.48,41.03,Summer Break,4964.63,5866.08,-901.45,21912.96,0.267108168,0,21912.96
P1820,Board Game,Puzzles,Store_2,6/2/2023,132,386,10.74,51.57,Summer Break,6807.24,1417.68,5389.56,4145.64,0.341085271,0,0
P1821,Doll,Games,Store_6,1/31/2023,162,506,36.85,47.31,Off Season,7664.22,5969.7,1694.52,18646.1,0.319526627,0,18646.1
P1822,Soft Toy,Action Toys,Store_5,3/22/2023,214,256,48.77,11.19,Diwali,2394.66,10436.78,-8042.12,12485.12,0.832684825,0,0
P1823,Action Figure,Action Toys,Store_9,9/6/2023,220,569,42.17,36.63,Off Season,8058.6,9277.4,-1218.8,23994.73,0.385964912,0,23994.73
P1824,Soft Toy,Games,Store_7,1/6/2024,234,526,36.47,51.33,Off Season,12011.22,8533.98,3477.24,19183.22,0.44402277,0,19183.22
P1825,Soft Toy,Action Toys,Store_4,6/30/2022,330,161,42.78,47,Summer Break,15510,14117.4,1392.6,6887.58,2.037037037,0,0
P1826,Soft Toy,Action Toys,Store_6,5/28/2024,145,162,49.18,74.97,Off Season,10870.65,7131.1,3739.55,7967.16,0.889570552,0,0
P1827,Doll,Action Toys,Store_6,5/22/2024,238,523,32.96,44.63,Christmas,10621.94,7844.48,2777.46,17238.08,0.454198473,0,17238.08
P1828,Action Figure,Puzzles,Store_1,7/29/2024,75,270,30.16,54.04,Christmas,4053,2262,1791,8143.2,0.276752768,0,0
P1829,Puzzle,Puzzles,Store_10,9/15/2023,8,491,33.27,48.66,Off Season,389.28,266.16,123.12,16335.57,0.016260163,0,16335.57
P1830,Soft Toy,Games,Store_7,1/9/2023,73,207,28.97,76.66,Christmas,5596.18,2114.81,3481.37,5996.79,0.350961538,0,0
P1831,Lego Set,Games,Store_1,9/2/2022,441,538,33.58,87.67,Off Season,38662.47,14808.78,23853.69,18066.04,0.818181818,0,18066.04
P1832,Lego Set,Games,Store_2,8/29/2022,491,583,25.24,57.87,Diwali,28414.17,12392.84,16021.33,14714.92,0.840753425,0,14714.92
P1833,Puzzle,Action Toys,Store_10,11/15/2023,400,59,14.83,81.05,Summer Break,32420,5932,26488,874.97,6.666666667,0,0
P1834,Board Game,Games,Store_8,6/16/2022,252,429,10.41,36.71,Diwali,9250.92,2623.32,6627.6,4465.89,0.586046512,0,4465.89
P1835,Remote Car,Dolls,Store_9,8/4/2022,229,308,8.08,58.72,Winter Sale,13446.88,1850.32,11596.56,2488.64,0.741100324,0,0
P1836,Board Game,Puzzles,Store_2,4/29/2022,6,519,16.85,41.07,Diwali,246.42,101.1,145.32,8745.15,0.011538462,0,8745.15
P1837,Action Figure,Games,Store_7,8/28/2024,173,590,7.08,47.28,Off Season,8179.44,1224.84,6954.6,4177.2,0.292724196,0,4177.2
P1838,Action Figure,Action Toys,Store_8,11/18/2022,140,26,30.52,75.92,Diwali,10628.8,4272.8,6356,793.52,5.185185185,0,0
P1839,Card Game,Puzzles,Store_2,3/18/2024,167,561,17.77,89.35,Christmas,14921.45,2967.59,11953.86,9968.97,0.297153025,0,9968.97
P1840,Action Figure,Puzzles,Store_8,4/13/2022,169,198,42.1,20.93,Diwali,3537.17,7114.9,-3577.73,8335.8,0.849246231,0,0
P1841,Soft Toy,Dolls,Store_8,3/15/2023,392,386,8.34,67.12,Christmas,26311.04,3269.28,23041.76,3219.24,1.012919897,0,0
P1842,Puzzle,Action Toys,Store_2,5/25/2022,433,348,15.19,62.39,Off Season,27014.87,6577.27,20437.6,5286.12,1.240687679,0,0
P1843,Board Game,Games,Store_7,6/14/2022,282,535,37.86,20.66,Summer Break,5826.12,10676.52,-4850.4,20255.1,0.526119403,0,20255.1
P1844,Doll,Dolls,Store_4,5/14/2022,121,377,31.95,29.07,Off Season,3517.47,3865.95,-348.48,12045.15,0.32010582,0,0
P1845,Lego Set,Action Toys,Store_9,8/21/2022,193,557,7.9,37.99,Christmas,7332.07,1524.7,5807.37,4400.3,0.345878136,0,4400.3
P1846,Puzzle,Puzzles,Store_6,9/4/2022,4,526,44.48,25.02,Diwali,100.08,177.92,-77.84,23396.48,0.007590133,0,23396.48
P1847,Action Figure,Action Toys,Store_4,6/19/2024,28,152,44.48,31.94,Off Season,894.32,1245.44,-351.12,6760.96,0.183006536,0,0
P1848,Lego Set,Action Toys,Store_9,10/15/2022,164,205,19.87,34.08,Christmas,5589.12,3258.68,2330.44,4073.35,0.796116505,0,0
P1849,Puzzle,Action Toys,Store_3,3/7/2022,421,454,20.32,40.21,Summer Break,16928.41,8554.72,8373.69,9225.28,0.925274725,0,9225.28
P1850,Soft Toy,Action Toys,Store_10,9/6/2023,338,272,49.51,77.45,Winter Sale,26178.1,16734.38,9443.72,13466.72,1.238095238,0,0
P1851,Action Figure,Puzzles,Store_5,6/5/2024,135,235,33.18,61.47,Summer Break,8298.45,4479.3,3819.15,7797.3,0.572033898,0,0
P1852,Puzzle,Dolls,Store_2,5/7/2022,495,520,28.91,98.76,Winter Sale,48886.2,14310.45,34575.75,15033.2,0.950095969,0,15033.2
P1853,Card Game,Games,Store_4,12/9/2023,364,500,42.72,47.33,Summer Break,17228.12,15550.08,1678.04,21360,0.726546906,0,21360
P1854,Remote Car,Dolls,Store_3,3/10/2024,320,116,17.84,77.85,Winter Sale,24912,5708.8,19203.2,2069.44,2.735042735,0,0
P1855,Soft Toy,Dolls,Store_4,9/18/2023,341,385,24.31,88.43,Off Season,30154.63,8289.71,21864.92,9359.35,0.883419689,0,0
P1856,Action Figure,Dolls,Store_5,8/13/2023,499,343,17.05,71.11,Summer Break,35483.89,8507.95,26975.94,5848.15,1.450581395,0,0
P1857,Soft Toy,Games,Store_10,1/11/2024,144,583,40.51,47.07,Off Season,6778.08,5833.44,944.64,23617.33,0.246575342,0,23617.33
P1858,Doll,Puzzles,Store_8,8/30/2022,326,394,30.8,77.82,Christmas,25369.32,10040.8,15328.52,12135.2,0.825316456,0,0
P1859,Lego Set,Puzzles,Store_4,3/26/2022,216,63,34.65,28.33,Winter Sale,6119.28,7484.4,-1365.12,2182.95,3.375,0,0
P1860,Board Game,Dolls,Store_9,10/10/2022,300,71,16.35,39.48,Diwali,11844,4905,6939,1160.85,4.166666667,0,0
P1861,Puzzle,Action Toys,Store_9,10/2/2022,131,273,14.91,59.2,Christmas,7755.2,1953.21,5801.99,4070.43,0.47810219,0,0
P1862,Doll,Dolls,Store_8,4/22/2023,291,319,26.98,61.79,Diwali,17980.89,7851.18,10129.71,8606.62,0.909375,0,0
P1863,Card Game,Puzzles,Store_8,1/1/2022,69,337,38.19,11.99,Diwali,827.31,2635.11,-1807.8,12870.03,0.204142012,0,0
P1864,Doll,Games,Store_4,7/18/2023,251,365,28.64,95.06,Christmas,23860.06,7188.64,16671.42,10453.6,0.68579235,0,0
P1865,Card Game,Dolls,Store_9,1/21/2023,414,494,6.47,72.7,Winter Sale,30097.8,2678.58,27419.22,3196.18,0.836363636,0,3196.18
P1866,Board Game,Action Toys,Store_4,5/9/2024,274,165,44.08,54.61,Off Season,14963.14,12077.92,2885.22,7273.2,1.65060241,0,0
P1867,Lego Set,Games,Store_7,7/13/2023,444,543,7.91,93.98,Summer Break,41727.12,3512.04,38215.08,4295.13,0.816176471,0,4295.13
P1868,Remote Car,Action Toys,Store_1,4/4/2024,363,10,48.01,49.52,Winter Sale,17975.76,17427.63,548.13,480.1,33,1,0
P1869,Doll,Games,Store_7,1/6/2022,181,300,6.13,98.24,Christmas,17781.44,1109.53,16671.91,1839,0.601328904,0,0
P1870,Puzzle,Action Toys,Store_2,5/13/2024,166,101,36.25,56.11,Christmas,9314.26,6017.5,3296.76,3661.25,1.62745098,0,0
P1871,Card Game,Action Toys,Store_3,3/23/2024,90,424,8.7,20.29,Diwali,1826.1,783,1043.1,3688.8,0.211764706,0,3688.8
P1872,Soft Toy,Puzzles,Store_2,3/15/2024,201,391,45.98,78.83,Winter Sale,15844.83,9241.98,6602.85,17978.18,0.512755102,0,0
P1873,Soft Toy,Dolls,Store_8,10/31/2023,345,213,25.9,71.1,Off Season,24529.5,8935.5,15594,5516.7,1.612149533,0,0
P1874,Soft Toy,Dolls,Store_1,10/5/2023,18,87,11.19,79.57,Diwali,1432.26,201.42,1230.84,973.53,0.204545455,0,0
P1875,Card Game,Action Toys,Store_3,4/1/2023,38,552,20.34,95.63,Diwali,3633.94,772.92,2861.02,11227.68,0.068716094,0,11227.68
P1876,Card Game,Puzzles,Store_5,2/12/2023,125,400,12.42,79.88,Summer Break,9985,1552.5,8432.5,4968,0.311720698,0,0
P1877,Lego Set,Action Toys,Store_1,7/15/2022,450,587,12.68,65.02,Off Season,29259,5706,23553,7443.16,0.765306122,0,7443.16
P1878,Card Game,Action Toys,Store_10,2/17/2023,172,45,47.66,87.16,Christmas,14991.52,8197.52,6794,2144.7,3.739130435,0,0
P1879,Puzzle,Games,Store_5,6/30/2022,140,462,25.04,70.59,Christmas,9882.6,3505.6,6377,11568.48,0.30237581,0,11568.48
P1880,Doll,Games,Store_2,1/3/2022,241,591,40.5,46.73,Christmas,11261.93,9760.5,1501.43,23935.5,0.407094595,0,23935.5
P1881,Doll,Dolls,Store_9,9/13/2023,219,309,33.78,89.71,Christmas,19646.49,7397.82,12248.67,10438.02,0.706451613,0,0
P1882,Lego Set,Dolls,Store_6,3/20/2022,125,85,35.44,29.97,Winter Sale,3746.25,4430,-683.75,3012.4,1.453488372,0,0
P1883,Remote Car,Dolls,Store_1,2/7/2024,57,91,10.93,74.32,Winter Sale,4236.24,623.01,3613.23,994.63,0.619565217,0,0
P1884,Action Figure,Dolls,Store_4,2/22/2023,147,241,15.54,89.34,Christmas,13132.98,2284.38,10848.6,3745.14,0.607438017,0,0
P1885,Soft Toy,Games,Store_7,5/15/2023,475,1,40.4,75.82,Winter Sale,36014.5,19190,16824.5,40.4,237.5,1,0
P1886,Doll,Puzzles,Store_8,7/5/2024,455,224,48.68,72.75,Christmas,33101.25,22149.4,10951.85,10904.32,2.022222222,0,0
P1887,Soft Toy,Action Toys,Store_3,4/21/2024,316,588,16.82,77.74,Winter Sale,24565.84,5315.12,19250.72,9890.16,0.536502547,0,9890.16
P1888,Doll,Games,Store_9,6/14/2023,382,115,17.22,51.85,Off Season,19806.7,6578.04,13228.66,1980.3,3.293103448,0,0
P1889,Lego Set,Games,Store_4,5/4/2022,360,102,26.28,88.68,Winter Sale,31924.8,9460.8,22464,2680.56,3.495145631,0,0
P1890,Board Game,Games,Store_1,8/17/2023,422,193,49.27,28.31,Diwali,11946.82,20791.94,-8845.12,9509.11,2.175257732,0,0
P1891,Lego Set,Action Toys,Store_6,2/5/2024,0,165,17.1,21.46,Summer Break,0,0,0,2821.5,0,0,0
P1892,Doll,Puzzles,Store_2,4/27/2023,386,89,23.31,35.7,Off Season,13780.2,8997.66,4782.54,2074.59,4.288888889,0,0
P1893,Card Game,Games,Store_3,10/31/2023,460,121,45.12,57.84,Christmas,26606.4,20755.2,5851.2,5459.52,3.770491803,0,0
P1894,Card Game,Action Toys,Store_10,5/4/2022,347,142,5.13,55.95,Diwali,19414.65,1780.11,17634.54,728.46,2.426573427,0,0
P1895,Lego Set,Action Toys,Store_7,3/19/2023,189,105,6.79,83.85,Christmas,15847.65,1283.31,14564.34,712.95,1.783018868,0,0
P1896,Remote Car,Games,Store_10,6/15/2023,190,427,32.18,46.41,Christmas,8817.9,6114.2,2703.7,13740.86,0.443925234,0,13740.86
P1897,Puzzle,Dolls,Store_4,9/5/2022,368,304,45.83,53.59,Off Season,19721.12,16865.44,2855.68,13932.32,1.206557377,0,0
P1898,Board Game,Dolls,Store_10,1/11/2024,408,316,15.75,11.2,Summer Break,4569.6,6426,-1856.4,4977,1.287066246,0,0
P1899,Action Figure,Games,Store_5,2/10/2024,311,8,26.13,46.88,Christmas,14579.68,8126.43,6453.25,209.04,34.55555556,1,0
P1900,Lego Set,Dolls,Store_7,4/3/2023,416,72,25.27,68.3,Winter Sale,28412.8,10512.32,17900.48,1819.44,5.698630137,0,0
P1901,Remote Car,Puzzles,Store_7,1/7/2023,421,358,26.28,11.4,Winter Sale,4799.4,11063.88,-6264.48,9408.24,1.17270195,0,0
P1902,Puzzle,Action Toys,Store_5,9/27/2022,116,222,33.01,35.28,Off Season,4092.48,3829.16,263.32,7328.22,0.520179372,0,0
P1903,Board Game,Dolls,Store_8,8/10/2024,133,415,26.14,28.72,Christmas,3819.76,3476.62,343.14,10848.1,0.319711538,0,10848.1
P1904,Soft Toy,Dolls,Store_7,11/7/2023,57,552,25.14,13.78,Christmas,785.46,1432.98,-647.52,13877.28,0.103074141,0,13877.28
P1905,Board Game,Dolls,Store_2,4/4/2024,43,369,26.34,53.13,Off Season,2284.59,1132.62,1151.97,9719.46,0.116216216,0,0
P1906,Soft Toy,Games,Store_5,5/13/2024,172,263,31.59,26.36,Summer Break,4533.92,5433.48,-899.56,8308.17,0.651515152,0,0
P1907,Card Game,Dolls,Store_10,12/10/2023,159,317,29.17,76.88,Winter Sale,12223.92,4638.03,7585.89,9246.89,0.5,0,0
P1908,Lego Set,Action Toys,Store_4,7/25/2022,172,83,43.44,86.31,Off Season,14845.32,7471.68,7373.64,3605.52,2.047619048,0,0
P1909,Puzzle,Dolls,Store_10,8/26/2024,316,317,7.23,59.1,Winter Sale,18675.6,2284.68,16390.92,2291.91,0.993710692,0,0
P1910,Soft Toy,Puzzles,Store_7,12/24/2022,302,110,42.5,98.35,Diwali,29701.7,12835,16866.7,4675,2.720720721,0,0
P1911,Soft Toy,Puzzles,Store_1,8/17/2022,148,250,42.98,50.54,Diwali,7479.92,6361.04,1118.88,10745,0.589641434,0,0
P1912,Doll,Action Toys,Store_2,8/7/2022,79,382,17.82,56.2,Diwali,4439.8,1407.78,3032.02,6807.24,0.206266319,0,0
P1913,Puzzle,Puzzles,Store_4,3/18/2024,373,6,25.83,99.03,Diwali,36938.19,9634.59,27303.6,154.98,53.28571429,1,0
P1914,Doll,Puzzles,Store_3,7/18/2022,212,458,24.73,30.84,Summer Break,6538.08,5242.76,1295.32,11326.34,0.461873638,0,11326.34
P1915,Doll,Dolls,Store_8,9/21/2022,202,83,14.83,94.83,Christmas,19155.66,2995.66,16160,1230.89,2.404761905,0,0
P1916,Lego Set,Games,Store_8,8/7/2023,251,207,22.86,13.86,Christmas,3478.86,5737.86,-2259,4732.02,1.206730769,0,0
P1917,Card Game,Dolls,Store_3,7/14/2023,228,389,7,50.17,Summer Break,11438.76,1596,9842.76,2723,0.584615385,0,0
P1918,Remote Car,Dolls,Store_8,4/25/2023,163,313,17.5,16.3,Off Season,2656.9,2852.5,-195.6,5477.5,0.51910828,0,0
P1919,Doll,Action Toys,Store_3,6/6/2023,226,21,41.75,75.63,Christmas,17092.38,9435.5,7656.88,876.75,10.27272727,0,0
P1920,Puzzle,Dolls,Store_6,5/30/2024,146,409,17.81,64.76,Off Season,9454.96,2600.26,6854.7,7284.29,0.356097561,0,7284.29
P1921,Board Game,Action Toys,Store_7,6/29/2022,19,514,41.82,73.6,Summer Break,1398.4,794.58,603.82,21495.48,0.036893204,0,21495.48
P1922,Lego Set,Puzzles,Store_8,5/30/2022,440,126,28.92,43.7,Christmas,19228,12724.8,6503.2,3643.92,3.464566929,0,0
P1923,Lego Set,Dolls,Store_9,9/27/2022,401,13,44.59,43.25,Off Season,17343.25,17880.59,-537.34,579.67,28.64285714,1,0
P1924,Card Game,Action Toys,Store_4,10/12/2023,46,11,30.87,14.08,Winter Sale,647.68,1420.02,-772.34,339.57,3.833333333,1,0
P1925,Remote Car,Dolls,Store_3,3/22/2022,232,86,6.34,41.5,Winter Sale,9628,1470.88,8157.12,545.24,2.666666667,0,0
P1926,Remote Car,Games,Store_10,1/12/2023,304,523,35.39,93.64,Off Season,28466.56,10758.56,17708,18508.97,0.580152672,0,18508.97
P1927,Doll,Games,Store_7,9/8/2022,13,536,7.02,44.13,Off Season,573.69,91.26,482.43,3762.72,0.024208566,0,3762.72
P1928,Card Game,Puzzles,Store_5,2/7/2023,142,300,25.28,84.82,Off Season,12044.44,3589.76,8454.68,7584,0.471760797,0,0
P1929,Action Figure,Action Toys,Store_5,7/12/2023,414,242,46.82,85.81,Winter Sale,35525.34,19383.48,16141.86,11330.44,1.703703704,0,0
P1930,Puzzle,Action Toys,Store_8,4/9/2022,0,121,12.43,43.59,Diwali,0,0,0,1504.03,0,0,0
P1931,Card Game,Games,Store_9,1/10/2024,372,146,22.54,66.88,Summer Break,24879.36,8384.88,16494.48,3290.84,2.530612245,0,0
P1932,Action Figure,Puzzles,Store_9,7/10/2022,53,566,37.84,18.58,Diwali,984.74,2005.52,-1020.78,21417.44,0.093474427,0,21417.44
P1933,Soft Toy,Puzzles,Store_8,2/6/2022,373,355,44.7,19.33,Winter Sale,7210.09,16673.1,-9463.01,15868.5,1.047752809,0,0
P1934,Doll,Puzzles,Store_9,3/25/2023,258,308,35.19,14.38,Summer Break,3710.04,9079.02,-5368.98,10838.52,0.834951456,0,0
P1935,Doll,Action Toys,Store_10,1/22/2024,143,287,16.62,62.29,Off Season,8907.47,2376.66,6530.81,4769.94,0.496527778,0,0
P1936,Action Figure,Dolls,Store_3,2/25/2022,470,306,35.36,48.35,Off Season,22724.5,16619.2,6105.3,10820.16,1.530944625,0,0
P1937,Puzzle,Puzzles,Store_1,3/3/2022,440,593,18.35,59.32,Diwali,26100.8,8074,18026.8,10881.55,0.740740741,0,10881.55
P1938,Board Game,Games,Store_7,10/7/2023,458,548,37.33,56.9,Winter Sale,26060.2,17097.14,8963.06,20456.84,0.83424408,0,20456.84
P1939,Board Game,Dolls,Store_8,8/25/2022,11,351,47.93,41.52,Summer Break,456.72,527.23,-70.51,16823.43,0.03125,0,0
P1940,Puzzle,Puzzles,Store_10,5/13/2022,329,311,37.46,70.97,Off Season,23349.13,12324.34,11024.79,11650.06,1.054487179,0,0
P1941,Lego Set,Action Toys,Store_2,6/9/2023,223,58,43.83,78.27,Diwali,17454.21,9774.09,7680.12,2542.14,3.779661017,0,0
P1942,Card Game,Games,Store_6,1/24/2023,271,34,5.09,11.32,Off Season,3067.72,1379.39,1688.33,173.06,7.742857143,0,0
P1943,Puzzle,Games,Store_8,1/19/2022,455,444,37.29,28.65,Winter Sale,13035.75,16966.95,-3931.2,16556.76,1.02247191,0,16556.76
P1944,Action Figure,Games,Store_8,6/11/2022,357,92,42.33,74.19,Off Season,26485.83,15111.81,11374.02,3894.36,3.838709677,0,0
P1945,Doll,Action Toys,Store_6,8/28/2022,459,206,6.83,44.8,Summer Break,20563.2,3134.97,17428.23,1406.98,2.217391304,0,0
P1946,Board Game,Puzzles,Store_1,5/31/2024,407,352,44.22,69.62,Christmas,28335.34,17997.54,10337.8,15565.44,1.152974504,0,0
P1947,Action Figure,Action Toys,Store_3,1/29/2022,155,331,16.55,41.23,Christmas,6390.65,2565.25,3825.4,5478.05,0.46686747,0,0
P1948,Action Figure,Puzzles,Store_7,6/3/2023,372,158,34.94,45.17,Christmas,16803.24,12997.68,3805.56,5520.52,2.339622642,0,0
P1949,Lego Set,Games,Store_7,9/11/2023,7,23,41.02,24.28,Christmas,169.96,287.14,-117.18,943.46,0.291666667,0,0
P1950,Card Game,Games,Store_7,1/13/2023,121,403,34.82,33.24,Diwali,4022.04,4213.22,-191.18,14032.46,0.29950495,0,14032.46
P1951,Board Game,Action Toys,Store_7,1/23/2023,347,515,9.15,64.49,Christmas,22378.03,3175.05,19202.98,4712.25,0.67248062,0,4712.25
P1952,Lego Set,Puzzles,Store_1,6/27/2023,163,363,31.83,48.98,Summer Break,7983.74,5188.29,2795.45,11554.29,0.447802198,0,0
P1953,Card Game,Action Toys,Store_9,7/28/2022,89,381,29.73,79.69,Off Season,7092.41,2645.97,4446.44,11327.13,0.232984293,0,0
P1954,Doll,Action Toys,Store_4,10/1/2023,135,531,45.51,86.73,Christmas,11708.55,6143.85,5564.7,24165.81,0.253759398,0,24165.81
P1955,Action Figure,Dolls,Store_3,7/4/2024,185,151,23.19,58.75,Christmas,10868.75,4290.15,6578.6,3501.69,1.217105263,0,0
P1956,Card Game,Puzzles,Store_5,11/8/2023,315,561,19.45,78.24,Off Season,24645.6,6126.75,18518.85,10911.45,0.560498221,0,10911.45
P1957,Soft Toy,Games,Store_10,7/17/2023,177,419,38.74,37.62,Diwali,6658.74,6856.98,-198.24,16232.06,0.421428571,0,16232.06
P1958,Board Game,Action Toys,Store_4,11/16/2022,27,249,23.57,47.35,Off Season,1278.45,636.39,642.06,5868.93,0.108,0,0
P1959,Board Game,Games,Store_3,3/24/2022,219,116,34.07,74.15,Diwali,16238.85,7461.33,8777.52,3952.12,1.871794872,0,0
P1960,Lego Set,Games,Store_6,8/1/2023,356,511,34.09,44.76,Diwali,15934.56,12136.04,3798.52,17419.99,0.6953125,0,17419.99
P1961,Card Game,Puzzles,Store_3,3/18/2023,40,577,44.96,62.97,Off Season,2518.8,1798.4,720.4,25941.92,0.069204152,0,25941.92
P1962,Board Game,Action Toys,Store_6,10/3/2022,227,334,31.94,26.68,Summer Break,6056.36,7250.38,-1194.02,10667.96,0.67761194,0,0
P1963,Board Game,Puzzles,Store_6,5/11/2023,191,417,27.6,63.98,Diwali,12220.18,5271.6,6948.58,11509.2,0.456937799,0,11509.2
P1964,Soft Toy,Dolls,Store_5,1/17/2022,410,294,11.25,87.54,Summer Break,35891.4,4612.5,31278.9,3307.5,1.389830508,0,0
P1965,Action Figure,Games,Store_7,1/20/2024,446,370,10.21,88.18,Diwali,39328.28,4553.66,34774.62,3777.7,1.202156334,0,0
P1966,Action Figure,Dolls,Store_6,1/24/2023,144,185,11.94,75.19,Christmas,10827.36,1719.36,9108,2208.9,0.774193548,0,0
P1967,Card Game,Puzzles,Store_8,2/5/2024,200,245,12.73,77.12,Off Season,15424,2546,12878,3118.85,0.81300813,0,0
P1968,Puzzle,Puzzles,Store_4,4/23/2022,416,267,33.7,60.21,Winter Sale,25047.36,14019.2,11028.16,8997.9,1.552238806,0,0
P1969,Action Figure,Dolls,Store_5,4/13/2022,211,236,38.34,62.62,Summer Break,13212.82,8089.74,5123.08,9048.24,0.890295359,0,0
P1970,Card Game,Puzzles,Store_6,3/7/2023,460,529,28.85,22.03,Off Season,10133.8,13271,-3137.2,15261.65,0.867924528,0,15261.65
P1971,Doll,Games,Store_3,9/27/2024,219,551,42.31,49.95,Christmas,10939.05,9265.89,1673.16,23312.81,0.39673913,0,23312.81
P1972,Soft Toy,Games,Store_3,10/17/2023,239,20,49.61,50.57,Summer Break,12086.23,11856.79,229.44,992.2,11.38095238,0,0
P1973,Soft Toy,Action Toys,Store_6,9/2/2024,412,519,41.9,96.26,Off Season,39659.12,17262.8,22396.32,21746.1,0.792307692,0,21746.1
P1974,Board Game,Action Toys,Store_2,4/23/2022,396,99,36.27,48.8,Diwali,19324.8,14362.92,4961.88,3590.73,3.96,0,0
P1975,Remote Car,Action Toys,Store_8,7/13/2023,45,477,28.96,59.44,Summer Break,2674.8,1303.2,1371.6,13813.92,0.094142259,0,13813.92
P1976,Doll,Puzzles,Store_2,2/18/2023,34,598,25.2,57.99,Christmas,1971.66,856.8,1114.86,15069.6,0.056761269,0,15069.6
P1977,Action Figure,Action Toys,Store_10,11/2/2023,252,297,8.8,67.31,Off Season,16962.12,2217.6,14744.52,2613.6,0.845637584,0,0
P1978,Remote Car,Action Toys,Store_1,1/19/2024,389,525,22.97,77.34,Off Season,30085.26,8935.33,21149.93,12059.25,0.739543726,0,12059.25
P1979,Remote Car,Games,Store_1,3/22/2022,81,333,45.96,30.25,Winter Sale,2450.25,3722.76,-1272.51,15304.68,0.24251497,0,0
P1980,Remote Car,Puzzles,Store_10,1/29/2024,370,1,41.36,57.59,Winter Sale,21308.3,15303.2,6005.1,41.36,185,1,0
P1981,Action Figure,Games,Store_8,3/23/2023,255,374,14.72,84.33,Summer Break,21504.15,3753.6,17750.55,5505.28,0.68,0,0
P1982,Lego Set,Games,Store_2,1/28/2023,196,292,26,51.68,Christmas,10129.28,5096,5033.28,7592,0.66894198,0,0
P1983,Doll,Puzzles,Store_6,1/29/2023,302,552,41.75,35.06,Winter Sale,10588.12,12608.5,-2020.38,23046,0.546112116,0,23046
P1984,Card Game,Puzzles,Store_2,1/21/2023,408,317,8.03,68.92,Diwali,28119.36,3276.24,24843.12,2545.51,1.283018868,0,0
P1985,Lego Set,Action Toys,Store_6,1/13/2023,449,501,22.43,84.14,Christmas,37778.86,10071.07,27707.79,11237.43,0.894422311,0,11237.43
P1986,Puzzle,Dolls,Store_6,3/29/2023,9,380,43.33,15.68,Summer Break,141.12,389.97,-248.85,16465.4,0.023622047,0,0
P1987,Action Figure,Dolls,Store_4,7/4/2023,311,13,23.18,79.91,Christmas,24852.01,7208.98,17643.03,301.34,22.21428571,1,0
P1988,Lego Set,Action Toys,Store_10,3/11/2024,285,503,8.49,83.95,Diwali,23925.75,2419.65,21506.1,4270.47,0.56547619,0,4270.47
P1989,Action Figure,Puzzles,Store_6,8/30/2023,241,230,29.41,51.54,Diwali,12421.14,7087.81,5333.33,6764.3,1.043290043,0,0
P1990,Action Figure,Puzzles,Store_6,3/11/2024,250,83,43.78,98.5,Summer Break,24625,10945,13680,3633.74,2.976190476,0,0
P1991,Soft Toy,Puzzles,Store_5,1/20/2022,364,129,31.56,80.8,Christmas,29411.2,11487.84,17923.36,4071.24,2.8,0,0
P1992,Card Game,Dolls,Store_8,7/30/2024,4,144,15.18,79.63,Diwali,318.52,60.72,257.8,2185.92,0.027586207,0,0
P1993,Doll,Dolls,Store_10,5/3/2022,118,27,22.29,77.31,Winter Sale,9122.58,2630.22,6492.36,601.83,4.214285714,0,0
P1994,Remote Car,Dolls,Store_7,8/2/2024,288,65,25.26,23.55,Christmas,6782.4,7274.88,-492.48,1641.9,4.363636364,0,0
P1995,Board Game,Dolls,Store_2,3/6/2022,373,162,31.07,29.55,Christmas,11022.15,11589.11,-566.96,5033.34,2.288343558,0,0
P1996,Board Game,Puzzles,Store_8,1/12/2024,64,228,39.17,51.76,Diwali,3312.64,2506.88,805.76,8930.76,0.279475983,0,0
P1997,Card Game,Action Toys,Store_6,10/10/2022,145,260,9.45,33.76,Off Season,4895.2,1370.25,3524.95,2457,0.555555556,0,0
P1998,Doll,Games,Store_3,4/2/2024,223,448,45.03,47.37,Summer Break,10563.51,10041.69,521.82,20173.44,0.496659243,0,20173.44
P1999,Soft Toy,Dolls,Store_8,11/1/2022,238,423,5.55,89.96,Off Season,21410.48,1320.9,20089.58,2347.65,0.561320755,0,2347.65
